2580 3944
144 118 210 185 112
437 133 635 184 mamam
655 134 873 185 asomum.

26 357 30 363 ,
144 309 161 355 s
198 293 295 367 tabat,
322 303 472 373 tanquam
498 292 657 353 affinitatis
684 312 757 354 cum
783 293 916 354 Vitellio
943 293 1154 371 meminissem

198 391 342 469 idemque
357 390 441 468 quod
456 400 621 469 coeptante
635 390 793 469 legionum
807 399 894 450 motu
906 390 1066 470 profugus,
1079 393 1153 452 dein

198 499 309 567 sponte
328 496 529 560 remeaverat,
543 486 689 565 perfidiae
709 488 812 546 locum
832 487 987 567 quaesisse
1008 488 1154 548 credeba-

198 596 258 645 tur.
307 583 390 644 Nam
419 583 613 656 Flavianum,
636 583 751 644 omissa
778 582 952 657 Pannonia,
976 583 1152 663 ingressum

199 680 322 741 Italiam
333 692 365 740 et
376 680 544 741 discrimini
558 692 746 758 exemptum,
758 699 862 739 rernm
874 699 1025 739 novarum
1035 681 1152 759 cupido

146 794 177 840 10
197 777 294 859 legati
312 797 425 837 nomeu
447 796 602 837 resumere
624 787 658 835 et
676 776 799 836 misceri
820 775 962 836 civilibus
983 777 1076 836 armis
1097 778 1152 836 iur-

199 876 332 954 pulerat,
351 875 502 934 suadente
524 872 668 933 Cornelio
688 872 800 945 Fusco,
821 892 882 932 non
905 873 978 952 quia
997 873 1152 932 industria

200 971 342 1030 Flaviani
363 971 485 1050 egebat,
506 969 561 1029 sed
582 981 618 1028 ut
638 969 799 1028 consulare
820 989 932 1029 nomen
953 970 1152 1048 surgentibus

199 1087 270 1127 cum
285 1067 418 1125 maxime
431 1066 570 1145 partibus
584 1066 716 1125 honesta
729 1065 832 1145 specie
845 1066 1110 1145 praetenderetur.

240 1165 269 1223 6.
296 1163 438 1222 Antonio
451 1161 629 1222 vexillarios
642 1181 660 1222 e
674 1162 854 1222 cohortibus
874 1173 908 1222 et
927 1174 1049 1242 partem
1069 1162 1152 1241 eqni·

199 1271 268 1321 tum
282 1260 322 1320 ad
337 1259 545 1319 invadendam
559 1257 684 1318 ltaliam
698 1259 830 1339 rapienti
844 1278 948 1319 comes
965 1259 1025 1318 fuit
1038 1258 1152 1319 Arrius

200 1356 312 1431 Varus,
326 1366 470 1416 strenuus
483 1355 574 1427 bello,
588 1374 682 1433 quam
695 1355 869 1434 gloriamsi
883 1355 948 1415 dnx
963 1354 1098 1414 Corbulo
1119 1366 1152 1414 et

200 1473 365 1535 prosperae
385 1455 417 1513 in
439 1451 589 1511 Armenia
609 1472 658 1512 res
679 1451 874 1512 addiderant.
915 1451 1006 1511 Idem
1025 1451 1152 1512 secretis

146 1564 163 1610 s
199 1550 284 1630 apud
304 1550 464 1610 Neronem
485 1548 679 1609 sermonibus
705 1549 863 1609 ferebatur
884 1548 1067 1609 Corbulonis
1090 1548 1151 1607 vir-

200 1657 286 1707 tutes
310 1647 508 1720 criminatus3
535 1645 619 1706 unde
641 1645 750 1706 infami
772 1647 874 1726 gratia
896 1646 1030 1724 primum
1054 1645 1152 1724 pilum

201 1743 316 1821 adepto
329 1744 412 1801 laeta
425 1741 464 1801 ad
480 1761 624 1820 praesens
638 1743 719 1802 male
733 1753 823 1822 parta
840 1762 912 1802 mor
933 1742 964 1800 in
985 1742 1153 1821 perniciem

201 1850 331 1899 vertere.
373 1838 435 1898 Sed
451 1838 575 1900 Primus
588 1858 625 1899 ac
638 1838 750 1912 Varus,
765 1849 915 1918 occupata
930 1837 1084 1918 Aquileia,
1099 1857 1155 1916 per

201 1935 342 2014 proxima
362 1955 502 2015 quaeque
530 1945 562 1995 et
583 1935 737 2015 Opitergii
758 1945 791 1996 et
810 1935 913 1995 Altini
932 1935 1023 1994 laetis
1042 1934 1153 1994 aniniis

149 2046 181 2093 ιο
201 2032 404 2110 accipiuntur.
459 2032 617 2092 Relictam
645 2032 746 2091 Altini
780 2032 968 2111 praesidium
1002 2031 1153 2091 adversus

202 2129 307 2190 classis
332 2129 526 2190 Ravennatis
552 2140 692 2202 conatus,
716 2129 856 2189 nondum
883 2128 1056 2188 defectione
1084 2130 1153 2208 ejus

202 2227 317 2287 audita.
358 2226 437 2286 Inde
451 2226 616 2286 Patavium
632 2237 662 2285 et
677 2226 791 2286 Ateste
809 2225 949 2305 partibus
967 2225 1154 2304 adjunxere:

202 2322 265 2383 illic
288 2323 449 2403 cognitum
473 2334 537 2383 tres
555 2321 742 2382 Vitellianas
763 2322 907 2382 cohortes
931 2331 964 2381 et
988 2321 1077 2394 alam,
1102 2321 1153 2381 cui

204 2420 390 2481 Sebosianae
405 2441 528 2492 nornen,
542 2419 580 2479 ad
598 2419 714 2478 Forum
727 2418 833 2478 Alieni
847 2430 943 2497 ponte
957 2418 1073 2495 juncto
1083 2438 1154 2478 eon·

148 2531 181 2578 1⁶
202 2517 326 2578 sedisse.
369 2516 494 2578 Placuit
508 2515 628 2577 occasio
642 2515 812 2575 invadendi
824 2514 1012 2588 incuriosos3
1032 2534 1105 2574 num
1119 2515 1151 2573 id

203 2633 325 2693 quoque
352 2614 572 2673 nuntiabatur:
606 2613 676 2672 lucc
702 2610 801 2690 prima
827 2611 963 2670 inermos
991 2612 1153 2689 plerosque

203 2729 389 2788 oppressere.
430 2710 630 2785 Praedictum
652 2717 696 2782 ut,
716 2707 822 2787 paucis
840 2707 1020 2781 interfectis,
1034 2719 1154 2767 ceteros

203 2825 317 2883 pavore
331 2806 371 2865 ad
386 2805 568 2865 mutandam
585 2805 680 2865 fidem
701 2814 865 2884 cogerent3
885 2812 917 2863 et
937 2803 1024 2863 inere
1045 2803 1154 2882 quise

203 2901 309 2961 statim
331 2903 502 2962 dederent:
528 2903 631 2980 plures
652 2902 785 2982 abrupto
805 2914 900 2980 ponte
920 2900 1050 2961 instanti
1071 2900 1154 2960 hosti

149 3012 181 3057 20
201 2999 284 3058 viam
299 2999 502 3060 abstulerunt

245 3097 273 3154 7.
301 3095 440 3174 Vulgata
467 3096 607 3170 victoria,
627 3106 698 3176 post
718 3097 870 3177 principia
888 3095 962 3156 belli
980 3095 1154 3156 secundum

205 3191 371 3252 Flavianos
391 3193 475 3266 data,
497 3193 637 3272 legiones
656 3193 788 3273 septima
809 3193 969 3267 Galbiana,
990 3194 1084 3253 tertia
1104 3193 1155 3250 de·

204 3309 294 3349 cuma
321 3288 454 3349 Gemina
480 3309 551 3350 cum
579 3289 684 3351 Vedio
711 3290 827 3371 Aquila
853 3290 958 3370 legato
985 3288 1154 3349 Patavium

204 3389 320 3448 alacres
340 3386 479 3448 veniunt.
520 3386 570 3446 lbi
583 3386 674 3466 pauci
688 3387 756 3447 dies
769 3387 810 3447 ad
824 3387 962 3467 requiem
982 3385 1108 3466 sumpti,
1120 3397 1154 3445 et
