2610 3908
279 266 283 274 ,
357 211 617 261 msronmnom
639 213 748 262 mann
771 213 953 272 ansanus.
1091 203 1155 266 139

153 369 299 442 lamenta,
314 365 573 429 conclamationes
587 380 619 429 et
635 369 777 430 fortunae
792 382 900 448 captae
915 371 1008 446 urbis,
1024 373 1101 434 adeo
1123 390 1153 436 15

153 478 188 525 ut
200 466 370 525 Othoniani
382 465 606 545 Vitellianique
622 467 727 526 militis
743 467 895 527 invidiosa
910 482 1002 528 antea
1017 480 1102 548 petu-

153 563 251 622 lantia
265 562 504 622 desideraretur.
538 563 643 622 Duces
657 564 792 642 partium
806 565 1004 624 accendendo
1019 567 1102 627 civili

152 659 234 719 bello
251 679 346 732 acres,
361 660 580 738 temperandae
596 659 744 719 victoriae
759 661 911 739 impares:
933 664 1047 742 quippe
1069 665 1100 724 in

152 757 258 816 turbas
273 766 305 815 et
319 757 489 815 discordias
503 756 636 834 pessimo
652 757 762 837 cuique
777 758 910 837 plurima
923 760 980 834 vis,
994 781 1055 840 pax
1070 772 1102 822 et

152 853 239 932 quies
254 853 342 912 bonis
357 853 474 912 artibus
488 853 641 932 indigent.
1124 873 1154 918 20

193 953 220 1007 2.
250 949 373 1007 Nomen
389 951 554 1029 sedemque
568 950 706 1010 Caesaris
718 951 916 1012 Domitianus
931 965 1100 1034 acceperat,

152 1046 290 1104 nondum
315 1047 354 1105 ad
380 1067 468 1106 curas
496 1048 644 1120 intentus,
664 1049 719 1108 sed
745 1050 859 1129 stupris
883 1062 915 1111 et
943 1053 1101 1113 adulteriis

151 1143 250 1201 filium
275 1143 421 1220 principis
450 1144 570 1220 agebat.
613 1143 815 1206 Praefectura
837 1149 983 1226 praetorii
1007 1170 1101 1228 penes

153 1239 281 1297 Arrium
302 1239 430 1311 Varum,
453 1260 572 1298 surnma
593 1243 751 1318 potentiae
774 1243 805 1302 in
824 1243 931 1305 Primo
950 1245 1100 1306 Antonio.

152 1335 184 1394 Is
199 1334 361 1414 pecuniam
374 1333 583 1414 familiamque
606 1358 622 1395 e
643 1339 791 1417 principis
813 1340 906 1399 domo
927 1342 1014 1420 quasi
1030 1343 1100 1402 Cre·
1138 1359 1153 1401 5

152 1450 331 1491 mouensem
347 1432 493 1510 praedam
507 1451 631 1510 rapere:
645 1435 741 1493 ceteri
755 1436 909 1495 modestia
920 1439 969 1496 vel
984 1439 1102 1516 ignobi-

152 1530 240 1589 litate
265 1528 355 1588 utin
381 1528 463 1586 bello
486 1529 617 1602 obscuri,
640 1531 685 1590 ita
712 1532 919 1610 praemiorum
947 1545 1100 1613 expertes.

153 1627 271 1688 Civitas
287 1625 403 1706 pavida
424 1636 456 1685 et
477 1628 605 1686 servitio
626 1640 733 1708 parata
754 1630 898 1709 occupari
919 1632 1100 1690 redeuntem

152 1723 320 1784 Tarracina
335 1723 369 1783 L.
384 1723 548 1784 Vitellium
563 1745 632 1785 cum
648 1727 825 1786 cohortibus
840 1712 1042 1807 extinguique
1057 1749 1101 1787 re-

151 1823 235 1903 liqua
255 1822 329 1881 belli
351 1822 545 1901 postulabat:
567 1823 725 1902 praemissi
744 1824 881 1884 Ariciam
902 1825 1031 1904 equites,
1053 1845 1102 1904 ag·
1123 1841 1153 1885 10

150 1941 221 1980 men
237 1920 394 2000 legionum
410 1920 492 1979 intra
507 1919 646 1979 Bovillas
660 1921 757 1981 stetit.
792 1921 824 1980 N
827 1941 861 1980 eo
876 1921 1038 1982 cunctatus
1053 1932 1100 1981 est

151 2019 299 2079 Vitellius
314 2039 407 2098 seque
422 2027 454 2077 et
469 2018 610 2076 cohortes
625 2017 753 2076 arbitrio
768 2018 895 2077 victoris
910 2018 1099 2096 permittere,

151 2126 184 2176 et
198 2117 286 2176 miles
300 2115 437 2175 infelicia
452 2134 537 2172 arma
550 2115 633 2172 haud
648 2114 750 2173 minus
766 2114 811 2173 ira
832 2134 922 2193 quam
944 2126 1030 2172 metu
1051 2116 1100 2173 ab

146 2213 234 2293 jecit.
276 2211 402 2291 Longus
430 2212 607 2271 deditorum
635 2210 722 2282 ordo,
745 2221 850 2289 septus
879 2211 1014 2283 armatis,
1043 2231 1100 2289 per

150 2310 257 2370 urbem
273 2309 405 2381 incessit,
420 2328 511 2368 nemo
526 2306 658 2386 srrpplici
673 2306 771 2378 vultu,
785 2307 840 2382 sed
862 2306 966 2366 tristes
987 2317 1018 2366 et
1040 2318 1101 2367 tru-
1122 2323 1152 2368 15

151 2425 202 2464 ces
217 2415 249 2464 et
264 2405 429 2463 adversum
447 2405 571 2482 plausus
586 2421 621 2460 ac
635 2400 793 2460 lasciviam
814 2400 991 2460 insultantis
1012 2402 1100 2478 vulgi

150 2501 332 2561 immobiles.
358 2499 479 2560 Paucos
493 2517 655 2578 erumpere
670 2517 759 2557 ausos
773 2497 962 2576 circumjecti
978 2494 1101 2576 oppres·
1151 2559 1154 2564 ,

150 2619 216 2659 sere
226 2619 234 2673 3
249 2597 345 2658 ceteri
356 2597 387 2658 in
398 2598 569 2657 custodiam
580 2595 708 2667 conditi,
718 2594 794 2654 nibil
805 2595 966 2673 quisquam
977 2595 1099 2655 locutus

149 2696 322 2774 indignum,
344 2704 376 2754 et
395 2714 569 2774 quanquam
593 2693 677 2753 inter
701 2692 842 2765 adversa,
863 2693 949 2751 salva
973 2691 1100 2752 virtutis

150 2792 242 2852 fatua.
284 2792 366 2851 Dein
382 2791 416 2851 L.
432 2791 581 2851 Vitellius
602 2790 796 2864 interficitur,
810 2808 866 2868 par
880 2789 964 2848 vitiis
985 2789 1098 2858 fratris,
1120 2804 1151 2849 20

149 2890 180 2948 in
205 2889 380 2968 principatu
405 2888 470 2965 ejus
493 2887 682 2966 vigilantior,
707 2907 765 2948 nec
789 2886 918 2967 perinde
943 2885 1100 2966 prosperis

149 2987 250 3045 socius
265 3005 357 3064 quam
372 2984 510 3045 adversis
525 2986 708 3045 abstractus.

190 3071 218 3141 3'.
247 3082 350 3140 Isdem
361 3081 470 3141 diebus
482 3080 619 3141 Lucilius
631 3081 745 3141 Bassus
756 3100 826 3140 eum
838 3080 984 3160 expedito
995 3079 1099 3159 equite

149 3179 189 3238 ad
217 3179 463 3257 componendam
494 3178 695 3258 Campaniam
729 3178 875 3251 mittitur,
903 3177 1098 3237 discordibus

149 3274 387 3354 municipiorum
409 3274 519 3334 animis
540 3275 638 3355 magis
659 3276 740 3335 inter
759 3284 867 3348 semet,
882 3295 973 3354 quam
995 3283 1100 3333 contu-

149 3372 250 3431 macia
263 3371 410 3431 adversus
426 3371 608 3450 principem.
649 3371 727 3430 Viso
742 3371 841 3431 milite
856 3371 942 3450 quies
957 3380 989 3430 et
1004 3370 1100 3430 mino-

149 3468 234 3528 ribus
248 3468 377 3528 eoloniis
390 3467 575 3550 impunitas:
598 3467 721 3547 Capuae
735 3467 816 3547 legio
831 3467 925 3528 tertia
939 3465 1097 3526 hiemandi
1136 3479 1152 3526 t
