<?xml version="1.0" encoding="UTF-8"?>
<!DOCTYPE html PUBLIC "-//W3C//DTD XHTML 1.0 Transitional//EN"
    "http://www.w3.org/TR/xhtml1/DTD/xhtml1-transitional.dtd">
<html xmlns="http://www.w3.org/1999/xhtml" xml:lang="en" lang="en">
 <head>
  <title>
</title>
<meta http-equiv="Content-Type" content="text/html;charset=utf-8" />
  <meta name='ocr-system' content='tesseract 3.04.00' />
  <meta name='ocr-capabilities' content='ocr_page ocr_carea ocr_par ocr_line ocrx_word'/>
</head>
<body>
  <div class='ocr_page' id='page_1' title='image "./selectionsfromt00chamgoog_0085.png"; bbox 0 0 2580 3944; ppageno 0'>
   <div class='ocr_carea' id='block_1_1' title="bbox 145 152 867 216">
    <p class='ocr_par' dir='ltr' id='par_1_1' title="bbox 145 152 867 216">
     <span class='ocr_line' id='line_1_1' title="bbox 145 152 867 216; baseline 0 0"><span class='ocrx_word' id='word_1_1' title='bbox 145 152 189 216; x_wconf 80' lang='lat' dir='ltr'><strong>to</strong></span> <span class='ocrx_word' id='word_1_2' title='bbox 435 167 630 215; x_wconf 77' lang='lat' dir='ltr'><strong>nxcnnm</strong></span> <span class='ocrx_word' id='word_1_3' title='bbox 650 167 867 216; x_wconf 72' lang='lat' dir='ltr'><strong>racmraxa.</strong></span> 
     </span>
    </p>
   </div>
   <div class='ocr_carea' id='block_1_2' title="bbox 139 326 1152 2927">
    <p class='ocr_par' dir='ltr' id='par_1_2' title="bbox 140 326 1152 2736">
     <span class='ocr_line' id='line_1_2' title="bbox 197 326 1152 409; baseline 0.001 -23"><span class='ocrx_word' id='word_1_4' title='bbox 197 336 262 386; x_wconf 87' lang='lat' dir='ltr'><strong>tem</strong></span> <span class='ocrx_word' id='word_1_5' title='bbox 276 335 423 399; x_wconf 79' lang='lat' dir='ltr'>sectatus,</span> <span class='ocrx_word' id='word_1_6' title='bbox 436 347 500 386; x_wconf 92' lang='lat' dir='ltr'><strong>non</strong></span> <span class='ocrx_word' id='word_1_7' title='bbox 515 326 581 384; x_wconf 82' lang='lat' dir='ltr'><strong>sinc</strong></span> <span class='ocrx_word' id='word_1_8' title='bbox 595 346 720 384; x_wconf 86' lang='lat' dir='ltr'><strong>rumore</strong></span> <span class='ocrx_word' id='word_1_9' title='bbox 733 326 849 404; x_wconf 83' lang='lat' dir='ltr'>Apicio</span> <span class='ocrx_word' id='word_1_10' title='bbox 862 326 955 385; x_wconf 77' lang='lat' dir='ltr'>diviti</span> <span class='ocrx_word' id='word_1_11' title='bbox 968 337 1002 386; x_wconf 86' lang='lat' dir='ltr'><strong>ct</strong></span> <span class='ocrx_word' id='word_1_12' title='bbox 1015 329 1152 409; x_wconf 83' lang='lat' dir='ltr'><strong>prodigo</strong></span> 
     </span>
     <span class='ocr_line' id='line_1_3' title="bbox 196 423 1151 501; baseline 0.005 -20"><span class='ocrx_word' id='word_1_13' title='bbox 196 435 337 501; x_wconf 77' lang='lat' dir='ltr'>stuprum</span> <span class='ocrx_word' id='word_1_14' title='bbox 352 444 433 483; x_wconf 79' lang='lat' dir='ltr'><strong>veno</strong></span> <span class='ocrx_word' id='word_1_15' title='bbox 447 425 580 495; x_wconf 65' lang='lat' dir='ltr'><strong>dedisce,</strong></span> <span class='ocrx_word' id='word_1_16' title='bbox 591 445 664 482; x_wconf 80' lang='lat' dir='ltr'><strong>mor</strong></span> <span class='ocrx_word' id='word_1_17' title='bbox 679 424 840 482; x_wconf 81' lang='lat' dir='ltr'>Tiberium</span> <span class='ocrx_word' id='word_1_18' title='bbox 854 423 949 482; x_wconf 80' lang='lat' dir='ltr'><strong>variis</strong></span> <span class='ocrx_word' id='word_1_19' title='bbox 962 425 1083 485; x_wconf 71' lang='lat' dir='ltr'><strong>artibus</strong></span> <span class='ocrx_word' id='word_1_20' title='bbox 1096 428 1151 485; x_wconf 82' lang='lat' dir='ltr'><strong>de-</strong></span> 
     </span>
     <span class='ocr_line' id='line_1_4' title="bbox 195 521 1151 592; baseline 0.006 -15"><span class='ocrx_word' id='word_1_21' title='bbox 195 521 306 590; x_wconf 75' lang='lat' dir='ltr'><strong>vinxit,</strong></span> <span class='ocrx_word' id='word_1_22' title='bbox 322 521 400 579; x_wconf 82' lang='lat' dir='ltr'><strong>adeo</strong></span> <span class='ocrx_word' id='word_1_23' title='bbox 423 535 455 580; x_wconf 91' lang='lat' dir='ltr'><strong>ut</strong></span> <span class='ocrx_word' id='word_1_24' title='bbox 477 522 643 579; x_wconf 80' lang='lat' dir='ltr'><strong>obscurum</strong></span> <span class='ocrx_word' id='word_1_25' title='bbox 664 521 829 579; x_wconf 74' lang='lat' dir='ltr'><strong>adversum</strong></span> <span class='ocrx_word' id='word_1_26' title='bbox 850 521 936 592; x_wconf 78' lang='lat' dir='ltr'><strong>alios,</strong></span> <span class='ocrx_word' id='word_1_27' title='bbox 950 522 1010 581; x_wconf 77' lang='lat' dir='ltr'><strong>sibi</strong></span> <span class='ocrx_word' id='word_1_28' title='bbox 1030 524 1084 582; x_wconf 92' lang='lat' dir='ltr'><strong>uni</strong></span> <span class='ocrx_word' id='word_1_29' title='bbox 1106 524 1151 583; x_wconf 90' lang='lat' dir='ltr'><strong>in-</strong></span> 
     </span>
     <span class='ocr_line' id='line_1_5' title="bbox 195 618 1149 700; baseline 0.002 -24"><span class='ocrx_word' id='word_1_30' title='bbox 195 629 320 676; x_wconf 86' lang='lat' dir='ltr'><strong>cautum</strong></span> <span class='ocrx_word' id='word_1_31' title='bbox 335 618 547 696; x_wconf 87' lang='lat' dir='ltr'><strong>intectumque</strong></span> <span class='ocrx_word' id='word_1_32' title='bbox 560 619 704 689; x_wconf 82' lang='lat' dir='ltr'><strong>efficeret,</strong></span> <span class='ocrx_word' id='word_1_33' title='bbox 716 639 777 676; x_wconf 90' lang='lat' dir='ltr'><strong>non</strong></span> <span class='ocrx_word' id='word_1_34' title='bbox 793 630 857 677; x_wconf 89' lang='lat' dir='ltr'><strong>tam</strong></span> <span class='ocrx_word' id='word_1_35' title='bbox 871 619 1008 678; x_wconf 78' lang='lat' dir='ltr'><strong>sollertia</strong></span> <span class='ocrx_word' id='word_1_36' title='bbox 1017 622 1149 700; x_wconf 85' lang='lat' dir='ltr'><strong>(quippe</strong></span> 
     </span>
     <span class='ocr_line' id='line_1_6' title="bbox 143 713 1150 792; baseline 0.005 -21"><span class='ocrx_word' id='word_1_37' title='bbox 143 729 174 772; x_wconf 82' lang='lat'><strong>15</strong></span> <span class='ocrx_word' id='word_1_38' title='bbox 194 713 294 771; x_wconf 79' lang='lat' dir='ltr'><strong>isdem</strong></span> <span class='ocrx_word' id='word_1_39' title='bbox 308 714 426 773; x_wconf 84' lang='lat' dir='ltr'><strong>artibus</strong></span> <span class='ocrx_word' id='word_1_40' title='bbox 442 716 543 772; x_wconf 76' lang='lat' dir='ltr'><strong>victus</strong></span> <span class='ocrx_word' id='word_1_41' title='bbox 557 722 619 790; x_wconf 81' lang='lat' dir='ltr'><strong>est)</strong></span> <span class='ocrx_word' id='word_1_42' title='bbox 632 734 726 792; x_wconf 90' lang='lat' dir='ltr'><strong>quam</strong></span> <span class='ocrx_word' id='word_1_43' title='bbox 741 714 835 772; x_wconf 84' lang='lat' dir='ltr'><strong>deum</strong></span> <span class='ocrx_word' id='word_1_44' title='bbox 849 715 895 772; x_wconf 86' lang='lat' dir='ltr'><strong>ira</strong></span> <span class='ocrx_word' id='word_1_45' title='bbox 910 715 943 773; x_wconf 92' lang='lat' dir='ltr'><strong>in</strong></span> <span class='ocrx_word' id='word_1_46' title='bbox 956 736 1023 774; x_wconf 84' lang='lat' dir='ltr'><strong>rem</strong></span> <span class='ocrx_word' id='word_1_47' title='bbox 1035 716 1150 776; x_wconf 86' lang='lat' dir='ltr'><strong>Roma-</strong></span> 
     </span>
     <span class='ocr_line' id='line_1_7' title="bbox 195 811 1148 891; baseline 0.005 -24"><span class='ocrx_word' id='word_1_48' title='bbox 195 829 277 880; x_wconf 84' lang='lat' dir='ltr'><strong>nam,</strong></span> <span class='ocrx_word' id='word_1_49' title='bbox 298 811 385 888; x_wconf 80' lang='lat' dir='ltr'><strong>cujus</strong></span> <span class='ocrx_word' id='word_1_50' title='bbox 406 811 474 888; x_wconf 85' lang='lat' dir='ltr'><strong>pari</strong></span> <span class='ocrx_word' id='word_1_51' title='bbox 495 811 594 868; x_wconf 78' lang='lat' dir='ltr'><strong>exitio</strong></span> <span class='ocrx_word' id='word_1_52' title='bbox 615 811 715 888; x_wconf 79' lang='lat' dir='ltr'><strong>riguit</strong></span> <span class='ocrx_word' id='word_1_53' title='bbox 735 811 920 890; x_wconf 77' lang='lat' dir='ltr'><strong>ceciditque.</strong></span> <span class='ocrx_word' id='word_1_54' title='bbox 960 813 1081 891; x_wconf 84' lang='lat' dir='ltr'><strong>Corpus</strong></span> <span class='ocrx_word' id='word_1_55' title='bbox 1101 815 1148 872; x_wconf 89' lang='lat' dir='ltr'><strong>illi</strong></span> 
     </span>
     <span class='ocr_line' id='line_1_8' title="bbox 195 906 1148 987; baseline 0.005 -24"><span class='ocrx_word' id='word_1_56' title='bbox 195 906 336 963; x_wconf 88' lang='lat' dir='ltr'><strong>laborum</strong></span> <span class='ocrx_word' id='word_1_57' title='bbox 351 907 494 977; x_wconf 82' lang='lat' dir='ltr'><strong>tolerans,</strong></span> <span class='ocrx_word' id='word_1_58' title='bbox 509 907 631 964; x_wconf 82' lang='lat' dir='ltr'><strong>animus</strong></span> <span class='ocrx_word' id='word_1_59' title='bbox 645 907 766 965; x_wconf 79' lang='lat' dir='ltr'><strong>audax:</strong></span> <span class='ocrx_word' id='word_1_60' title='bbox 786 909 834 966; x_wconf 81' lang='lat' dir='ltr'><strong>sui</strong></span> <span class='ocrx_word' id='word_1_61' title='bbox 848 910 1009 987; x_wconf 59' lang='lat' dir='ltr'><strong>obtegenu</strong></span> <span class='ocrx_word' id='word_1_62' title='bbox 1022 910 1055 967; x_wconf 92' lang='lat' dir='ltr'><strong>in</strong></span> <span class='ocrx_word' id='word_1_63' title='bbox 1069 910 1148 968; x_wconf 80' lang='lat' dir='ltr'><strong>aliae</strong></span> 
     </span>
     <span class='ocr_line' id='line_1_9' title="bbox 195 1001 1148 1084; baseline 0.006 -26"><span class='ocrx_word' id='word_1_64' title='bbox 195 1001 393 1074; x_wconf 88' lang='lat' dir='ltr'><strong>criminator;</strong></span> <span class='ocrx_word' id='word_1_65' title='bbox 412 1004 504 1081; x_wconf 77' lang='lat' dir='ltr'><strong>juxta</strong></span> <span class='ocrx_word' id='word_1_66' title='bbox 519 1003 657 1061; x_wconf 78' lang='lat' dir='ltr'><strong>adulatio</strong></span> <span class='ocrx_word' id='word_1_67' title='bbox 672 1017 704 1062; x_wconf 90' lang='lat' dir='ltr'><strong>et</strong></span> <span class='ocrx_word' id='word_1_68' title='bbox 719 1006 882 1082; x_wconf 80' lang='lat' dir='ltr'><strong>superbia3</strong></span> <span class='ocrx_word' id='word_1_69' title='bbox 901 1007 1004 1084; x_wconf 85' lang='lat' dir='ltr'><strong>palam</strong></span> <span class='ocrx_word' id='word_1_70' title='bbox 1023 1025 1148 1084; x_wconf 74' lang='lat' dir='ltr'><strong>compo</strong></span> 
     </span>
     <span class='ocr_line' id='line_1_10' title="bbox 194 1099 1147 1181; baseline 0.005 -25"><span class='ocrx_word' id='word_1_71' title='bbox 194 1099 273 1157; x_wconf 80' lang='lat' dir='ltr'><strong>nitus</strong></span> <span class='ocrx_word' id='word_1_72' title='bbox 283 1099 392 1176; x_wconf 84' lang='lat' dir='ltr'><strong>pudor,</strong></span> <span class='ocrx_word' id='word_1_73' title='bbox 403 1101 486 1158; x_wconf 82' lang='lat' dir='ltr'><strong>intua</strong></span> <span class='ocrx_word' id='word_1_74' title='bbox 496 1119 616 1158; x_wconf 85' lang='lat' dir='ltr'><strong>summa</strong></span> <span class='ocrx_word' id='word_1_75' title='bbox 627 1100 785 1178; x_wconf 82' lang='lat' dir='ltr'><strong>apiscendi</strong></span> <span class='ocrx_word' id='word_1_76' title='bbox 797 1102 903 1174; x_wconf 80' lang='lat' dir='ltr'><strong>libido,</strong></span> <span class='ocrx_word' id='word_1_77' title='bbox 914 1103 1041 1181; x_wconf 80' lang='lat' dir='ltr'><strong>ejusque</strong></span> <span class='ocrx_word' id='word_1_78' title='bbox 1054 1122 1147 1161; x_wconf 68' lang='lat' dir='ltr'><strong>musa</strong></span> 
     </span>
     <span class='ocr_line' id='line_1_11' title="bbox 140 1195 1147 1276; baseline 0.003 -22"><span class='ocrx_word' id='word_1_79' title='bbox 140 1209 174 1254; x_wconf 72' lang='lat' dir='ltr'><strong>ao</strong></span> <span class='ocrx_word' id='word_1_80' title='bbox 193 1195 289 1254; x_wconf 86' lang='lat' dir='ltr'><strong>modo</strong></span> <span class='ocrx_word' id='word_1_81' title='bbox 302 1195 427 1273; x_wconf 75' lang='lat' dir='ltr'>largitio</span> <span class='ocrx_word' id='word_1_82' title='bbox 440 1210 471 1255; x_wconf 90' lang='lat' dir='ltr'><strong>et</strong></span> <span class='ocrx_word' id='word_1_83' title='bbox 487 1197 588 1269; x_wconf 81' lang='lat' dir='ltr'><strong>luxus,</strong></span> <span class='ocrx_word' id='word_1_84' title='bbox 603 1198 725 1275; x_wconf 80' lang='lat' dir='ltr'><strong>saepius</strong></span> <span class='ocrx_word' id='word_1_85' title='bbox 743 1198 896 1257; x_wconf 84' lang='lat' dir='ltr'><strong>industria</strong></span> <span class='ocrx_word' id='word_1_86' title='bbox 916 1217 952 1256; x_wconf 85' lang='lat' dir='ltr'><strong>ac</strong></span> <span class='ocrx_word' id='word_1_87' title='bbox 971 1199 1147 1276; x_wconf 76' lang='lat' dir='ltr'><strong>vigilantia,</strong></span> 
     </span>
     <span class='ocr_line' id='line_1_12' title="bbox 194 1292 1136 1374; baseline 0.002 -22"><span class='ocrx_word' id='word_1_88' title='bbox 194 1292 279 1352; x_wconf 82' lang='lat' dir='ltr'><strong>haud</strong></span> <span class='ocrx_word' id='word_1_89' title='bbox 293 1292 396 1352; x_wconf 81' lang='lat' dir='ltr'><strong>minua</strong></span> <span class='ocrx_word' id='word_1_90' title='bbox 410 1293 530 1365; x_wconf 82' lang='lat' dir='ltr'><strong>noxiae,</strong></span> <span class='ocrx_word' id='word_1_91' title='bbox 543 1295 688 1372; x_wconf 84' lang='lat' dir='ltr'><strong>quotiens</strong></span> <span class='ocrx_word' id='word_1_92' title='bbox 703 1296 842 1373; x_wconf 84' lang='lat' dir='ltr'><strong>parando</strong></span> <span class='ocrx_word' id='word_1_93' title='bbox 855 1315 952 1374; x_wconf 86' lang='lat' dir='ltr'><strong>regno</strong></span> <span class='ocrx_word' id='word_1_94' title='bbox 964 1295 1136 1373; x_wconf 83' lang='lat' dir='ltr'><strong>linguntur.</strong></span> 
     </span>
     <span class='ocr_line' id='line_1_13' title="bbox 234 1389 1148 1468; baseline 0.003 -20"><span class='ocrx_word' id='word_1_95' title='bbox 234 1392 264 1448; x_wconf 68' lang='lat'>2</span> <span class='ocrx_word' id='word_1_96' title='bbox 297 1389 372 1448; x_wconf 79' lang='lat' dir='ltr'><strong>Vim</strong></span> <span class='ocrx_word' id='word_1_97' title='bbox 394 1390 608 1468; x_wconf 79' lang='lat' dir='ltr'><strong>praefecturae</strong></span> <span class='ocrx_word' id='word_1_98' title='bbox 629 1393 785 1450; x_wconf 85' lang='lat' dir='ltr'>modicam</span> <span class='ocrx_word' id='word_1_99' title='bbox 806 1403 899 1450; x_wconf 80' lang='lat' dir='ltr'><strong>antea</strong></span> <span class='ocrx_word' id='word_1_100' title='bbox 919 1392 1065 1464; x_wconf 80' lang='lat' dir='ltr'>intendit,</span> <span class='ocrx_word' id='word_1_101' title='bbox 1085 1393 1148 1451; x_wconf 74' lang='lat' dir='ltr'><strong>dia-</strong></span> 
     </span>
     <span class='ocr_line' id='line_1_14' title="bbox 194 1487 1148 1566; baseline 0.003 -20"><span class='ocrx_word' id='word_1_102' title='bbox 194 1506 301 1566; x_wconf 78' lang='lat' dir='ltr'><strong>persaa</strong></span> <span class='ocrx_word' id='word_1_103' title='bbox 316 1506 372 1565; x_wconf 88' lang='lat' dir='ltr'><strong>per</strong></span> <span class='ocrx_word' id='word_1_104' title='bbox 385 1487 494 1546; x_wconf 86' lang='lat' dir='ltr'><strong>urbem</strong></span> <span class='ocrx_word' id='word_1_105' title='bbox 512 1489 657 1548; x_wconf 79' lang='lat' dir='ltr'><strong>cohortes</strong></span> <span class='ocrx_word' id='word_1_106' title='bbox 677 1508 739 1547; x_wconf 83' lang='lat' dir='ltr'><strong>una</strong></span> <span class='ocrx_word' id='word_1_107' title='bbox 758 1490 792 1548; x_wconf 93' lang='lat' dir='ltr'><strong>in</strong></span> <span class='ocrx_word' id='word_1_108' title='bbox 813 1500 915 1547; x_wconf 79' lang='lat' dir='ltr'><strong>castra</strong></span> <span class='ocrx_word' id='word_1_109' title='bbox 933 1489 1148 1563; x_wconf 78' lang='lat' dir='ltr'><strong>conducendo,</strong></span> 
     </span>
     <span class='ocr_line' id='line_1_15' title="bbox 195 1586 1145 1665; baseline 0.002 -21"><span class='ocrx_word' id='word_1_110' title='bbox 195 1596 230 1644; x_wconf 89' lang='lat' dir='ltr'><strong>ut</strong></span> <span class='ocrx_word' id='word_1_111' title='bbox 250 1586 342 1644; x_wconf 80' lang='lat' dir='ltr'><strong>sirnul</strong></span> <span class='ocrx_word' id='word_1_112' title='bbox 363 1587 493 1664; x_wconf 85' lang='lat' dir='ltr'><strong>imperia</strong></span> <span class='ocrx_word' id='word_1_113' title='bbox 512 1588 698 1665; x_wconf 79' lang='lat' dir='ltr'><strong>acciperent,</strong></span> <span class='ocrx_word' id='word_1_114' title='bbox 716 1607 908 1664; x_wconf 82' lang='lat' dir='ltr'><strong>numeroque</strong></span> <span class='ocrx_word' id='word_1_115' title='bbox 927 1597 959 1645; x_wconf 91' lang='lat' dir='ltr'><strong>et</strong></span> <span class='ocrx_word' id='word_1_116' title='bbox 981 1587 1092 1644; x_wconf 86' lang='lat' dir='ltr'><strong>robore</strong></span> <span class='ocrx_word' id='word_1_117' title='bbox 1112 1597 1145 1646; x_wconf 86' lang='lat' dir='ltr'><strong>et</strong></span> 
     </span>
     <span class='ocr_line' id='line_1_16' title="bbox 195 1682 1147 1763; baseline 0.004 -24"><span class='ocrx_word' id='word_1_118' title='bbox 195 1682 263 1740; x_wconf 78' lang='lat' dir='ltr'><strong>visu</strong></span> <span class='ocrx_word' id='word_1_119' title='bbox 283 1683 366 1741; x_wconf 91' lang='lat' dir='ltr'><strong>inter</strong></span> <span class='ocrx_word' id='word_1_120' title='bbox 386 1703 419 1742; x_wconf 86' lang='lat' dir='ltr'><strong>se</strong></span> <span class='ocrx_word' id='word_1_121' title='bbox 439 1684 553 1744; x_wconf 87' lang='lat' dir='ltr'><strong>fiducia</strong></span> <span class='ocrx_word' id='word_1_122' title='bbox 574 1685 657 1763; x_wconf 74' lang='lat' dir='ltr'><strong>ipsis,</strong></span> <span class='ocrx_word' id='word_1_123' title='bbox 677 1685 709 1743; x_wconf 93' lang='lat' dir='ltr'><strong>in</strong></span> <span class='ocrx_word' id='word_1_124' title='bbox 731 1698 852 1742; x_wconf 73' lang='lat' dir='ltr'><strong>ceteros</strong></span> <span class='ocrx_word' id='word_1_125' title='bbox 875 1694 977 1742; x_wconf 83' lang='lat' dir='ltr'><strong>metus</strong></span> <span class='ocrx_word' id='word_1_126' title='bbox 997 1694 1147 1743; x_wconf 89' lang='lat' dir='ltr'><strong>oreretur.</strong></span> 
     </span>
     <span class='ocr_line' id='line_1_17' title="bbox 140 1778 1147 1857; baseline 0.001 -20"><span class='ocrx_word' id='word_1_127' title='bbox 140 1795 157 1837; x_wconf 78' lang='lat' dir='ltr'><strong>a</strong></span> <span class='ocrx_word' id='word_1_128' title='bbox 196 1778 426 1840; x_wconf 86' lang='lat' dir='ltr'><strong>Praetendebat</strong></span> <span class='ocrx_word' id='word_1_129' title='bbox 442 1782 582 1840; x_wconf 66' lang='lat' dir='ltr'><strong>lasciuire</strong></span> <span class='ocrx_word' id='word_1_130' title='bbox 596 1783 728 1840; x_wconf 89' lang='lat' dir='ltr'><strong>militem</strong></span> <span class='ocrx_word' id='word_1_131' title='bbox 742 1781 923 1852; x_wconf 64' lang='lat' dir='ltr'><strong>diductum</strong></span> <span class='ocrx_word' id='word_1_132' title='bbox 935 1781 961 1837; x_wconf 80' lang='lat' dir='ltr'><strong>ai</strong></span> <span class='ocrx_word' id='word_1_133' title='bbox 975 1779 1050 1857; x_wconf 84' lang='lat' dir='ltr'><strong>quid</strong></span> <span class='ocrx_word' id='word_1_134' title='bbox 1065 1781 1147 1838; x_wconf 80' lang='lat' dir='ltr'><strong>aubi-</strong></span> 
     </span>
     <span class='ocr_line' id='line_1_18' title="bbox 194 1877 1148 1958; baseline 0.001 -24"><span class='ocrx_word' id='word_1_135' title='bbox 194 1887 263 1934; x_wconf 92' lang='lat' dir='ltr'><strong>tum</strong></span> <span class='ocrx_word' id='word_1_136' title='bbox 277 1878 410 1954; x_wconf 83' lang='lat' dir='ltr'><strong>ingruat,</strong></span> <span class='ocrx_word' id='word_1_137' title='bbox 423 1880 542 1958; x_wconf 86' lang='lat' dir='ltr'><strong>majore</strong></span> <span class='ocrx_word' id='word_1_138' title='bbox 557 1879 673 1937; x_wconf 84' lang='lat' dir='ltr'><strong>auxilio</strong></span> <span class='ocrx_word' id='word_1_139' title='bbox 687 1879 804 1956; x_wconf 84' lang='lat' dir='ltr'><strong>pariter</strong></span> <span class='ocrx_word' id='word_1_140' title='bbox 818 1877 994 1949; x_wconf 76' lang='lat' dir='ltr'><strong>subveniri3</strong></span> <span class='ocrx_word' id='word_1_141' title='bbox 1014 1889 1047 1935; x_wconf 84' lang='lat' dir='ltr'><strong>et</strong></span> <span class='ocrx_word' id='word_1_142' title='bbox 1062 1897 1148 1935; x_wconf 71' lang='lat' dir='ltr'><strong>seve·</strong></span> 
     </span>
     <span class='ocr_line' id='line_1_19' title="bbox 195 1974 1147 2052; baseline 0.003 -22"><span class='ocrx_word' id='word_1_143' title='bbox 195 1974 256 2031; x_wconf 81' lang='lat' dir='ltr'><strong>rius</strong></span> <span class='ocrx_word' id='word_1_144' title='bbox 270 1988 404 2047; x_wconf 75' lang='lat' dir='ltr'><strong>acturos,</strong></span> <span class='ocrx_word' id='word_1_145' title='bbox 417 1976 444 2034; x_wconf 86' lang='lat' dir='ltr'><strong>si</strong></span> <span class='ocrx_word' id='word_1_146' title='bbox 458 1977 574 2034; x_wconf 74' lang='lat' dir='ltr'><strong>vallum</strong></span> <span class='ocrx_word' id='word_1_147' title='bbox 588 1988 745 2034; x_wconf 84' lang='lat' dir='ltr'><strong>statuatur</strong></span> <span class='ocrx_word' id='word_1_148' title='bbox 758 1976 865 2052; x_wconf 88' lang='lat' dir='ltr'><strong>procul</strong></span> <span class='ocrx_word' id='word_1_149' title='bbox 880 1974 965 2032; x_wconf 83' lang='lat' dir='ltr'><strong>urbia</strong></span> <span class='ocrx_word' id='word_1_150' title='bbox 983 1974 1147 2033; x_wconf 63' lang='lat' dir='ltr'><strong>illecebris</strong></span> 
     </span>
     <span class='ocr_line' id='line_1_20' title="bbox 196 2071 1148 2150; baseline 0.001 -20"><span class='ocrx_word' id='word_1_151' title='bbox 196 2071 241 2130; x_wconf 71' lang='lat' dir='ltr'><strong>Ut</strong></span> <span class='ocrx_word' id='word_1_152' title='bbox 267 2072 406 2150; x_wconf 79' lang='lat' dir='ltr'><strong>perfecta</strong></span> <span class='ocrx_word' id='word_1_153' title='bbox 430 2084 502 2131; x_wconf 80' lang='lat' dir='ltr'><strong>aunt</strong></span> <span class='ocrx_word' id='word_1_154' title='bbox 528 2085 638 2144; x_wconf 70' lang='lat' dir='ltr'><strong>castra,</strong></span> <span class='ocrx_word' id='word_1_155' title='bbox 660 2073 797 2150; x_wconf 88' lang='lat' dir='ltr'><strong>irrepere</strong></span> <span class='ocrx_word' id='word_1_156' title='bbox 820 2072 971 2150; x_wconf 86' lang='lat' dir='ltr'><strong>paulatim</strong></span> <span class='ocrx_word' id='word_1_157' title='bbox 995 2071 1148 2131; x_wconf 79' lang='lat' dir='ltr'><strong>militares</strong></span> 
     </span>
     <span class='ocr_line' id='line_1_21' title="bbox 195 2167 1149 2249; baseline -0.002 -22"><span class='ocrx_word' id='word_1_158' title='bbox 195 2171 314 2229; x_wconf 80' lang='lat' dir='ltr'><strong>animos</strong></span> <span class='ocrx_word' id='word_1_159' title='bbox 329 2171 482 2241; x_wconf 83' lang='lat' dir='ltr'><strong>adeundo,</strong></span> <span class='ocrx_word' id='word_1_160' title='bbox 497 2171 703 2249; x_wconf 88' lang='lat' dir='ltr'><strong>appellando;</strong></span> <span class='ocrx_word' id='word_1_161' title='bbox 724 2169 815 2227; x_wconf 85' lang='lat' dir='ltr'><strong>simul</strong></span> <span class='ocrx_word' id='word_1_162' title='bbox 830 2167 1027 2226; x_wconf 82' lang='lat' dir='ltr'><strong>centuriones</strong></span> <span class='ocrx_word' id='word_1_163' title='bbox 1039 2186 1077 2226; x_wconf 88' lang='lat' dir='ltr'><strong>ao</strong></span> <span class='ocrx_word' id='word_1_164' title='bbox 1090 2169 1149 2226; x_wconf 80' lang='lat' dir='ltr'><strong>tri-</strong></span> 
     </span>
     <span class='ocr_line' id='line_1_22' title="bbox 141 2264 1147 2346; baseline -0.001 -22"><span class='ocrx_word' id='word_1_165' title='bbox 141 2281 172 2325; x_wconf 81' lang='grc' dir='ltr'><strong>ιο</strong></span> <span class='ocrx_word' id='word_1_166' title='bbox 192 2266 292 2326; x_wconf 79' lang='lat' dir='ltr'><strong>bunos</strong></span> <span class='ocrx_word' id='word_1_167' title='bbox 312 2269 377 2346; x_wconf 78' lang='lat' dir='ltr'><strong>ipse</strong></span> <span class='ocrx_word' id='word_1_168' title='bbox 397 2268 543 2346; x_wconf 82' lang='lat' dir='ltr'><strong>deligere.</strong></span> <span class='ocrx_word' id='word_1_169' title='bbox 584 2266 697 2344; x_wconf 82' lang='lat' dir='ltr'><strong>Neque</strong></span> <span class='ocrx_word' id='word_1_170' title='bbox 710 2265 867 2324; x_wconf 82' lang='lat' dir='ltr'><strong>senatorio</strong></span> <span class='ocrx_word' id='word_1_171' title='bbox 880 2264 1000 2322; x_wconf 89' lang='lat' dir='ltr'><strong>ambitu</strong></span> <span class='ocrx_word' id='word_1_172' title='bbox 1013 2264 1147 2323; x_wconf 73' lang='lat' dir='ltr'><strong>abstine</strong></span> 
     </span>
     <span class='ocr_line' id='line_1_23' title="bbox 193 2360 1148 2439; baseline -0.005 -16"><span class='ocrx_word' id='word_1_173' title='bbox 193 2364 247 2424; x_wconf 85' lang='lat' dir='ltr'><strong>bat</strong></span> <span class='ocrx_word' id='word_1_174' title='bbox 275 2365 405 2425; x_wconf 85' lang='lat' dir='ltr'><strong>clientes</strong></span> <span class='ocrx_word' id='word_1_175' title='bbox 431 2385 504 2424; x_wconf 80' lang='lat' dir='ltr'><strong>suos</strong></span> <span class='ocrx_word' id='word_1_176' title='bbox 529 2363 698 2423; x_wconf 81' lang='lat' dir='ltr'><strong>honoribus</strong></span> <span class='ocrx_word' id='word_1_177' title='bbox 725 2371 780 2420; x_wconf 87' lang='lat' dir='ltr'><strong>aut</strong></span> <span class='ocrx_word' id='word_1_178' title='bbox 806 2360 977 2439; x_wconf 76' lang='lat' dir='ltr'><strong>provinciis</strong></span> <span class='ocrx_word' id='word_1_179' title='bbox 1001 2361 1148 2434; x_wconf 84' lang='lat' dir='ltr'><strong>ornandi,</strong></span> 
     </span>
     <span class='ocr_line' id='line_1_24' title="bbox 192 2457 1147 2541; baseline -0.002 -22"><span class='ocrx_word' id='word_1_180' title='bbox 192 2461 274 2521; x_wconf 77' lang='lat' dir='ltr'><strong>lircili</strong></span> <span class='ocrx_word' id='word_1_181' title='bbox 289 2463 418 2522; x_wconf 78' lang='lat' dir='ltr'><strong>&#39;liberio</strong></span> <span class='ocrx_word' id='word_1_182' title='bbox 432 2476 526 2541; x_wconf 88' lang='lat' dir='ltr'><strong>atquc</strong></span> <span class='ocrx_word' id='word_1_183' title='bbox 543 2461 588 2520; x_wconf 89' lang='lat' dir='ltr'><strong>ita</strong></span> <span class='ocrx_word' id='word_1_184' title='bbox 600 2480 711 2538; x_wconf 88' lang='lat' dir='ltr'><strong>prono,</strong></span> <span class='ocrx_word' id='word_1_185' title='bbox 725 2470 761 2519; x_wconf 92' lang='lat' dir='ltr'><strong>ut</strong></span> <span class='ocrx_word' id='word_1_186' title='bbox 781 2457 899 2516; x_wconf 82' lang='lat' dir='ltr'><strong>socium</strong></span> <span class='ocrx_word' id='word_1_187' title='bbox 918 2457 1060 2515; x_wconf 88' lang='lat' dir='ltr'><strong>laborum</strong></span> <span class='ocrx_word' id='word_1_188' title='bbox 1079 2476 1147 2517; x_wconf 82' lang='lat' dir='ltr'><strong>uon</strong></span> 
     </span>
     <span class='ocr_line' id='line_1_25' title="bbox 193 2554 1149 2635; baseline -0.006 -18"><span class='ocrx_word' id='word_1_189' title='bbox 193 2560 287 2620; x_wconf 89' lang='lat' dir='ltr'><strong>modo</strong></span> <span class='ocrx_word' id='word_1_190' title='bbox 301 2560 332 2619; x_wconf 91' lang='lat' dir='ltr'><strong>in</strong></span> <span class='ocrx_word' id='word_1_191' title='bbox 347 2561 552 2631; x_wconf 46' lang='lat' dir='ltr'><strong>sermonibus</strong></span> <span class='ocrx_word' id='word_1_192' title='bbox 565 2559 619 2618; x_wconf 77' lang='lat' dir='ltr'><strong>ned</strong></span> <span class='ocrx_word' id='word_1_193' title='bbox 635 2557 716 2635; x_wconf 86' lang='lat' dir='ltr'><strong>apud</strong></span> <span class='ocrx_word' id='word_1_194' title='bbox 732 2568 835 2635; x_wconf 84' lang='lat' dir='ltr'><strong>patres</strong></span> <span class='ocrx_word' id='word_1_195' title='bbox 848 2566 881 2613; x_wconf 89' lang='lat' dir='ltr'><strong>et</strong></span> <span class='ocrx_word' id='word_1_196' title='bbox 895 2554 1044 2632; x_wconf 86' lang='lat' dir='ltr'><strong>populum</strong></span> <span class='ocrx_word' id='word_1_197' title='bbox 1063 2554 1149 2612; x_wconf 84' lang='lat' dir='ltr'><strong>cele·</strong></span> 
     </span>
     <span class='ocr_line' id='line_1_26' title="bbox 191 2650 1148 2736; baseline -0.009 -20"><span class='ocrx_word' id='word_1_198' title='bbox 191 2655 305 2728; x_wconf 84' lang='lat' dir='ltr'><strong>braret,</strong></span> <span class='ocrx_word' id='word_1_199' title='bbox 319 2658 439 2736; x_wconf 86' lang='lat' dir='ltr'><strong>colique</strong></span> <span class='ocrx_word' id='word_1_200' title='bbox 452 2677 508 2734; x_wconf 87' lang='lat' dir='ltr'><strong>per</strong></span> <span class='ocrx_word' id='word_1_201' title='bbox 522 2657 645 2715; x_wconf 87' lang='lat' dir='ltr'><strong>theatra</strong></span> <span class='ocrx_word' id='word_1_202' title='bbox 660 2667 691 2713; x_wconf 89' lang='lat' dir='ltr'><strong>et</strong></span> <span class='ocrx_word' id='word_1_203' title='bbox 705 2653 774 2713; x_wconf 78' lang='lat' dir='ltr'><strong>fora</strong></span> <span class='ocrx_word' id='word_1_204' title='bbox 786 2650 904 2730; x_wconf 80' lang='lat' dir='ltr'><strong>effigies</strong></span> <span class='ocrx_word' id='word_1_205' title='bbox 917 2653 987 2731; x_wconf 78' lang='lat' dir='ltr'><strong>ejua</strong></span> <span class='ocrx_word' id='word_1_206' title='bbox 998 2650 1148 2730; x_wconf 78' lang='lat' dir='ltr'><strong>interque</strong></span> 
     </span>
    </p>

    <p class='ocr_par' dir='ltr' id='par_1_3' title="bbox 139 2753 1146 2927">
     <span class='ocr_line' id='line_1_27' title="bbox 139 2753 652 2831; baseline -0.002 -21"><span class='ocrx_word' id='word_1_207' title='bbox 139 2766 171 2810; x_wconf 79' lang='lat'><strong>1⁵</strong></span> <span class='ocrx_word' id='word_1_208' title='bbox 191 2753 342 2831; x_wconf 85' lang='lat' dir='ltr'><strong>principia</strong></span> <span class='ocrx_word' id='word_1_209' title='bbox 356 2754 513 2831; x_wconf 80' lang='lat' dir='ltr'><strong>legionum</strong></span> <span class='ocrx_word' id='word_1_210' title='bbox 528 2753 652 2811; x_wconf 84' lang='lat' dir='ltr'><strong>sineret.</strong></span> 
     </span>
     <span class='ocr_line' id='line_1_28' title="bbox 232 2842 1146 2927; baseline -0.007 -20"><span class='ocrx_word' id='word_1_211' title='bbox 232 2850 281 2907; x_wconf 58' lang='lat' dir='ltr'><strong>&amp;l</strong></span> <span class='ocrx_word' id='word_1_212' title='bbox 316 2848 469 2927; x_wconf 86' lang='lat' dir='ltr'><strong>Pleraque</strong></span> <span class='ocrx_word' id='word_1_213' title='bbox 483 2869 599 2920; x_wconf 84' lang='lat' dir='ltr'><strong>eorum,</strong></span> <span class='ocrx_word' id='word_1_214' title='bbox 613 2867 692 2927; x_wconf 89' lang='lat' dir='ltr'><strong>quae</strong></span> <span class='ocrx_word' id='word_1_215' title='bbox 712 2845 821 2906; x_wconf 88' lang='lat' dir='ltr'><strong>rettuli</strong></span> <span class='ocrx_word' id='word_1_216' title='bbox 841 2863 980 2923; x_wconf 87' lang='lat' dir='ltr'><strong>quaeque</strong></span> <span class='ocrx_word' id='word_1_217' title='bbox 1000 2842 1146 2916; x_wconf 84' lang='lat' dir='ltr'><strong>referam,</strong></span> 
     </span>
    </p>
   </div>
   <div class='ocr_carea' id='block_1_3' title="bbox 135 2939 1147 3504">
    <p class='ocr_par' dir='ltr' id='par_1_4' title="bbox 135 2939 1147 3504">
     <span class='ocr_line' id='line_1_29' title="bbox 190 2939 1146 3023; baseline -0.003 -21"><span class='ocrx_word' id='word_1_218' title='bbox 190 2964 288 3023; x_wconf 77' lang='lat' dir='ltr'><strong>parra</strong></span> <span class='ocrx_word' id='word_1_219' title='bbox 296 2945 424 3003; x_wconf 69' lang='lat' dir='ltr'><strong>llarsitan</strong></span> <span class='ocrx_word' id='word_1_220' title='bbox 435 2958 466 3003; x_wconf 86' lang='lat' dir='ltr'><strong>et</strong></span> <span class='ocrx_word' id='word_1_221' title='bbox 476 2946 555 3003; x_wconf 75' lang='lat' dir='ltr'><strong>leuia</strong></span> <span class='ocrx_word' id='word_1_222' title='bbox 565 2957 736 3003; x_wconf 89' lang='lat' dir='ltr'><strong>memoratu</strong></span> <span class='ocrx_word' id='word_1_223' title='bbox 743 2942 842 3002; x_wconf 79' lang='lat' dir='ltr'><strong>videri</strong></span> <span class='ocrx_word' id='word_1_224' title='bbox 852 2961 914 3001; x_wconf 92' lang='lat' dir='ltr'><strong>non</strong></span> <span class='ocrx_word' id='word_1_225' title='bbox 926 2939 1046 3000; x_wconf 67' lang='lat' dir='ltr'><strong>nesam</strong></span> <span class='ocrx_word' id='word_1_226' title='bbox 1054 2959 1146 2999; x_wconf 75' lang='lat' dir='ltr'><strong>sum:</strong></span> 
     </span>
     <span class='ocr_line' id='line_1_30' title="bbox 190 3040 1147 3117; baseline -0.006 -18"><span class='ocrx_word' id='word_1_227' title='bbox 190 3041 246 3099; x_wconf 86' lang='lat' dir='ltr'><strong>aed</strong></span> <span class='ocrx_word' id='word_1_228' title='bbox 260 3061 353 3099; x_wconf 82' lang='lat' dir='ltr'><strong>nemo</strong></span> <span class='ocrx_word' id='word_1_229' title='bbox 366 3041 492 3099; x_wconf 84' lang='lat' dir='ltr'><strong>annales</strong></span> <span class='ocrx_word' id='word_1_230' title='bbox 506 3053 628 3099; x_wconf 81' lang='lat' dir='ltr'><strong>nostros</strong></span> <span class='ocrx_word' id='word_1_231' title='bbox 642 3061 713 3098; x_wconf 88' lang='lat' dir='ltr'><strong>cum</strong></span> <span class='ocrx_word' id='word_1_232' title='bbox 729 3040 882 3117; x_wconf 83' lang='lat' dir='ltr'><strong>scriptura</strong></span> <span class='ocrx_word' id='word_1_233' title='bbox 896 3056 1003 3095; x_wconf 88' lang='lat' dir='ltr'><strong>eorum</strong></span> <span class='ocrx_word' id='word_1_234' title='bbox 1016 3047 1147 3094; x_wconf 87' lang='lat' dir='ltr'><strong>conten-</strong></span> 
     </span>
     <span class='ocr_line' id='line_1_31' title="bbox 190 3130 1147 3215; baseline -0.004 -20"><span class='ocrx_word' id='word_1_235' title='bbox 190 3137 283 3207; x_wconf 83' lang='lat' dir='ltr'><strong>derit,</strong></span> <span class='ocrx_word' id='word_1_236' title='bbox 297 3137 352 3215; x_wconf 88' lang='lat' dir='ltr'><strong>qni</strong></span> <span class='ocrx_word' id='word_1_237' title='bbox 372 3148 494 3196; x_wconf 76' lang='lat' dir='ltr'><strong>veteres</strong></span> <span class='ocrx_word' id='word_1_238' title='bbox 513 3138 620 3215; x_wconf 90' lang='lat' dir='ltr'><strong>populi</strong></span> <span class='ocrx_word' id='word_1_239' title='bbox 637 3137 772 3196; x_wconf 87' lang='lat' dir='ltr'><strong>Romani</strong></span> <span class='ocrx_word' id='word_1_240' title='bbox 790 3156 839 3195; x_wconf 83' lang='lat' dir='ltr'><strong>rea</strong></span> <span class='ocrx_word' id='word_1_241' title='bbox 853 3151 1063 3212; x_wconf 76' lang='lat' dir='ltr'><strong>composuere.</strong></span> <span class='ocrx_word' id='word_1_242' title='bbox 1091 3130 1147 3192; x_wconf 87' lang='lat' dir='ltr'><strong>ln-</strong></span> 
     </span>
     <span class='ocr_line' id='line_1_32' title="bbox 135 3232 1146 3312; baseline -0.002 -21"><span class='ocrx_word' id='word_1_243' title='bbox 135 3250 153 3292; x_wconf 77' lang='lat'><strong>5</strong></span> <span class='ocrx_word' id='word_1_244' title='bbox 191 3234 297 3312; x_wconf 82' lang='lat' dir='ltr'><strong>gentia</strong></span> <span class='ocrx_word' id='word_1_245' title='bbox 311 3234 356 3291; x_wconf 89' lang='lat' dir='ltr'><strong>illi</strong></span> <span class='ocrx_word' id='word_1_246' title='bbox 369 3233 460 3304; x_wconf 77' lang='lat' dir='ltr'><strong>bella,</strong></span> <span class='ocrx_word' id='word_1_247' title='bbox 468 3235 714 3312; x_wconf 83' lang='lat' dir='ltr'><strong>expugnationes</strong></span> <span class='ocrx_word' id='word_1_248' title='bbox 727 3233 860 3304; x_wconf 86' lang='lat' dir='ltr'><strong>urbium,</strong></span> <span class='ocrx_word' id='word_1_249' title='bbox 871 3232 958 3290; x_wconf 79' lang='lat' dir='ltr'><strong>lusos</strong></span> <span class='ocrx_word' id='word_1_250' title='bbox 971 3240 1146 3307; x_wconf 71' lang='lat' dir='ltr'><strong>captosque</strong></span> 
     </span>
     <span class='ocr_line' id='line_1_33' title="bbox 190 3325 1147 3409; baseline -0.003 -20"><span class='ocrx_word' id='word_1_251' title='bbox 190 3350 290 3408; x_wconf 78' lang='lat' dir='ltr'><strong>reges,</strong></span> <span class='ocrx_word' id='word_1_252' title='bbox 301 3342 354 3389; x_wconf 88' lang='lat' dir='ltr'><strong>aut</strong></span> <span class='ocrx_word' id='word_1_253' title='bbox 364 3331 389 3388; x_wconf 82' lang='lat' dir='ltr'><strong>si</strong></span> <span class='ocrx_word' id='word_1_254' title='bbox 403 3331 527 3409; x_wconf 86' lang='lat' dir='ltr'><strong>quando</strong></span> <span class='ocrx_word' id='word_1_255' title='bbox 538 3331 578 3388; x_wconf 83' lang='lat' dir='ltr'><strong>ad</strong></span> <span class='ocrx_word' id='word_1_256' title='bbox 590 3333 710 3388; x_wconf 88' lang='lat' dir='ltr'><strong>interna</strong></span> <span class='ocrx_word' id='word_1_257' title='bbox 721 3339 962 3407; x_wconf 81' lang='lat' dir='ltr'><strong>praeverterent,</strong></span> <span class='ocrx_word' id='word_1_258' title='bbox 970 3325 1147 3386; x_wconf 68' lang='lat' dir='ltr'><strong>discordia</strong></span> 
     </span>
     <span class='ocr_line' id='line_1_34' title="bbox 191 3422 1145 3504; baseline -0.003 -19"><span class='ocrx_word' id='word_1_259' title='bbox 191 3428 351 3486; x_wconf 84' lang='lat' dir='ltr'><strong>consulum</strong></span> <span class='ocrx_word' id='word_1_260' title='bbox 365 3428 530 3486; x_wconf 76' lang='lat' dir='ltr'><strong>adversum</strong></span> <span class='ocrx_word' id='word_1_261' title='bbox 545 3427 695 3498; x_wconf 77' lang='lat' dir='ltr'><strong>tribunos,</strong></span> <span class='ocrx_word' id='word_1_262' title='bbox 710 3425 846 3504; x_wconf 76' lang='lat' dir='ltr'><strong>agrarias</strong></span> <span class='ocrx_word' id='word_1_263' title='bbox 859 3422 1145 3501; x_wconf 70' lang='lat' dir='ltr'><strong>frumentariasque</strong></span> 
     </span>
    </p>
   </div>
   <div class='ocr_carea' id='block_1_4' title="bbox 0 0 1294 3944">
    <p class='ocr_par' dir='ltr' id='par_1_5' title="bbox 0 0 1294 3944">
     <span class='ocr_line' id='line_1_35' title="bbox 0 0 1294 3944; baseline 0 1"><span class='ocrx_word' id='word_1_264' title='bbox 0 0 1294 3944; x_wconf 95' lang='lat' dir='ltr'><strong> </strong></span> 
     </span>
    </p>
   </div>
  </div>
 </body>
</html>
