2610 3908
354 215 616 266 nrsrounsunu
637 218 749 267 aranu
771 216 956 278 ausurus.
1097 205 1161 271 141

158 372 293 453 spectior
312 392 395 433 mors
416 373 507 448 foret,
523 374 562 434 ad
584 374 857 454 quadragesimum
878 396 917 436 an
941 377 1015 436 urbe
1036 377 1110 457 lapi-

158 469 229 528 dem
250 469 354 548 Appia
373 470 425 529 via
444 471 511 530 fuso
534 491 591 550 per
611 491 706 531 venas
728 473 878 551 sanguine
902 473 1105 553 extinguitur.

157 565 260 626 Julius
288 565 412 625 Priscus
439 567 666 645 praetoriarum
693 568 750 627 sub
775 568 905 629 Vitellio
934 572 1107 631 cohortium

157 662 331 741 praefectus
346 682 378 721 se
392 661 458 741 ipse
472 663 638 737 interfecit,
653 666 772 744 pudore
786 666 885 745 magis
903 687 995 746 quam
1010 687 1111 729 neccs-
1131 685 1160 730 2⁰

157 761 258 820 sitate.
286 759 418 819 All'enus
429 759 532 820 Varus
546 759 689 839 ignaviae
703 761 908 841 infamiaeque
920 783 992 823 suae
1004 784 1108 843 super-

155 856 227 916 fuit.
268 856 424 916 Asiaticus
451 857 491 935 (is
515 856 599 916 enim
626 856 770 939 libertus)
793 858 906 918 malam
933 860 1106 939 potentiam

156 953 261 1014 seruili
275 953 425 1033 supplicio
440 953 588 1034 expiavit.

198 1053 243 1110 12.
273 1050 376 1110 isdem
397 1050 506 1110 diebus
527 1052 772 1112 crebrescentem
794 1052 890 1112 cladis
904 1053 1105 1116 Germanicae

156 1148 268 1206 frimam
291 1167 485 1226 nequaquam
507 1159 627 1208 maesta
650 1148 761 1209 civitas
782 1149 975 1228 excipiebam
1001 1171 1105 1213 caesos

156 1244 319 1316 exercitus,
340 1254 431 1321 capta
451 1243 612 1321 logiouum
632 1245 769 1316 hiberna,
791 1245 957 1306 descivisse
979 1247 1104 1322 Gallias,

155 1361 217 1400 non
239 1348 275 1399 ut
299 1339 379 1397 mala
402 1339 618 1417 loquebantur.
659 1339 698 1398 Id
723 1341 839 1399 bellum
867 1342 977 1419 quibus
1006 1346 1104 1404 causis

155 1439 268 1509 ortum,
284 1444 400 1515 quanto
415 1446 613 1494 externarum
627 1436 838 1516 sociarumque
852 1437 994 1516 gentium
1015 1451 1102 1499 motu
1141 1455 1158 1501 a

154 1533 341 1612 flagraverit,
357 1532 449 1591 altius
463 1532 635 1610 expediam.
671 1532 794 1606 Batavi,
808 1534 909 1593 donec
924 1546 1010 1595 trans
1024 1536 1105 1612 Rhe-

154 1651 229 1689 num
257 1628 400 1709 agebant,
428 1637 511 1708 pars
529 1629 723 1703 Chattorum,
752 1631 905 1690 seditione
933 1633 1105 1694 domestica

153 1727 234 1808 pulsi
248 1741 388 1786 extrema
402 1725 538 1785 Gallicae
554 1745 624 1785 orae
640 1746 737 1786 vacua
756 1728 934 1802 cultoribus,
950 1728 1102 1811 simulque

152 1825 285 1885 insulam
299 1825 390 1904 juxta
404 1823 495 1882 sitam
511 1842 712 1902 occupavere,
724 1844 816 1904 quam
832 1845 915 1885 mare
930 1826 1072 1887 Oceanus
1087 1849 1105 1888 a

153 1921 265 1992 fronte,
292 1920 421 1980 Rhenus
450 1919 549 1980 amnis
579 1929 703 1998 tergum
731 1941 767 1980 ac
795 1922 891 1982 latera
919 1923 1103 1985 circumluit.
1125 1940 1156 1987 10

152 2018 183 2077 N
187 2039 222 2078 ec
237 2019 346 2097 opibus
358 2019 516 2093 Ronlanis,
526 2019 674 2079 societate
689 2023 884 2097 validiorum,
896 2026 1006 2098 attriti,
1019 2025 1103 2084 viros

152 2124 275 2173 tanturn
297 2134 442 2193 armaque
463 2115 594 2194 imperio
621 2120 809 2194 ministrant,
832 2121 886 2180 diu
908 2122 1100 2182 Germanicis

152 2211 241 2270 bellis
255 2212 394 2285 exerciti,
409 2232 482 2272 mox
497 2225 588 2274 aucta
601 2236 658 2295 per
673 2217 866 2277 Britanniam
882 2221 988 2298 gloria,
1004 2233 1101 2282 trans·
1181 2207 1183 2211 ⁷

151 2306 252 2378 missis
267 2315 339 2378 illuc
354 2318 541 2394 cohortibus,
553 2341 629 2401 quas
640 2330 746 2381 vetere
761 2320 904 2380 instituto
919 2318 1102 2380 nobilissimi

151 2415 345 2493 popularium
369 2417 527 2498 regebant.
570 2417 647 2478 Erat
671 2427 704 2478 et
728 2417 813 2477 domi
835 2418 974 2476 delectus
996 2435 1099 2496 eques,
1122 2429 1152 2476 16

150 2512 317 2592 praecipuo
332 2515 427 2574 nandi
442 2514 566 2591 studi03
587 2535 674 2575 arma
693 2533 846 2595 equosque
867 2513 1004 2573 retinens
1025 2513 1102 2572 iute-

149 2609 214 2688 gris
229 2611 338 2671 tunnis
353 2612 497 2672 Rhenum
513 2632 720 2692 perrumpere.

193 2707 238 2766 13.
266 2706 368 2769 Julius
380 2709 496 2770 Paulus
507 2722 539 2770 et
549 2711 651 2772 Julius
662 2711 778 2784 civilis,
788 2710 873 2787 regia
884 2709 989 2790 stirpe,
1001 2710 1100 2770 multo

150 2814 268 2863 ceteros
290 2806 479 2868 anticuum
504 2808 637 2870 Paulum
652 2809 804 2869 Fonteius
824 2808 936 2885 Capito
957 2808 1035 2867 falso
1058 2827 1101 2866 re-

148 2897 291 2961 bellionis
319 2903 448 2964 crimine
475 2905 651 2978 interiecit3
677 2906 813 2986 injectae
840 2904 933 2964 Civili
961 2914 1099 2977 catenae,

149 2994 318 3076 missusque
334 3000 373 3058 ad
389 3001 547 3061 Neronem
561 2998 593 3061 et
608 3020 626 3061 a
640 3001 739 3061 Galba
753 3002 920 3073 absolutus,
930 3001 987 3059 sub
1002 2999 1101 3059 Vitel-

148 3090 191 3150 lio
213 3113 318 3154 rursus
343 3096 509 3156 discrimen
531 3099 617 3170 adiit,
639 3098 802 3175 flagitante
826 3095 1011 3175 supplicium
1032 3097 1100 3175 ejus
1138 3109 1153 3154 5

148 3190 305 3250 exercitu:
327 3190 400 3251 inde
415 3212 524 3252 causae
538 3191 652 3252 irarum
674 3213 805 3273 spesque
819 3212 857 3252 ex
873 3191 962 3250 mulis
976 3192 1098 3251 uostris.

150 3285 212 3345 Sed
225 3287 341 3360 Civilis,
354 3289 436 3348 ultra
447 3309 538 3368 quam
549 3289 687 3349 barbaris
699 3289 833 3360 solitum,
844 3287 969 3366 ingenio
980 3287 1097 3360 sollers,

148 3393 180 3442 et
196 3384 368 3444 Sertorium
382 3405 415 3445 se
431 3396 484 3445 aut
499 3387 686 3446 Annibalem
708 3387 810 3446 ferens
825 3385 916 3445 simili
932 3384 992 3445 oris
1007 3384 1099 3443 deho-

147 3491 352 3554 nestamento,
379 3502 417 3540 ne
443 3493 477 3543 ut
504 3483 588 3543 hosti
612 3483 735 3542 obviarn
762 3482 869 3555 iretur,
894 3481 918 3540 si
943 3499 961 3540 a
983 3481 1098 3559 populo

149 3576 292 3638 Bouiano
313 3579 415 3658 palam
439 3579 627 3656 descivisset,
644 3578 828 3660 Vespasiani
850 3576 1019 3637 auricitiam
1040 3587 1101 3636 stu·
1123 3591 1151 3636 ιο
