2610 3908
362 193 557 242 nxcnnrna
579 193 693 243 vrnan
715 171 938 243 aaarcon'an.
1090 175 1155 242 153

191 351 242 412 Τιι
261 370 336 413 vero
356 350 444 426 felix,
458 350 616 431 Agricola,
629 369 692 410 non
712 351 796 410 vitae
816 359 941 412 tantum
961 350 1103 412 claritate
1125 365 1155 410 ιι

150 449 206 509 sed
234 448 329 508 etiam
356 447 590 528 opportunitate
618 447 735 507 mortis.
777 447 826 508 Ut
853 447 1020 527 perhibent
1049 447 1103 527 qui

150 545 363 605 interfuerunt
386 543 561 604 novissimis
588 543 781 604 sermonibus
809 544 881 617 tuis,
902 554 1046 604 constans
1071 555 1104 604 et

151 642 250 701 libens
263 642 362 701 fatum
377 639 535 718 excepisti,
549 625 698 719 tanquam
718 659 775 719 pro
790 640 874 701 virili
894 640 1038 719 portione
1059 640 1104 700 in-

151 737 328 797 nocentiam
349 736 480 816 principi
501 736 641 795 donares.
684 735 746 796 Sed
767 735 844 796 mibi
864 736 1006 814 filiaeque
1027 737 1102 816 ejus,

152 844 276 914 praeter
295 832 495 892 acerbitatem
516 831 654 912 parentis
674 831 782 911 erepti,
797 842 892 912 auget
908 833 1105 906 maestitiam,
1126 847 1157 891 20

151 931 236 1011 quod
264 929 399 990 assidere
427 928 610 1002 valetudini,
634 927 741 988 fovere
769 929 974 1003 deiicientem,
998 928 1104 988 satiari

150 1029 242 1088 vultu
255 1027 480 1106 complexuque
495 1014 558 1084 non
573 1025 715 1106 contigit.
757 1024 995 1104 Excepissemus
1017 1034 1102 1085 certe

151 1125 299 1185 mandata
331 1142 495 1202 vocesque,
524 1141 600 1203 quas
633 1123 757 1202 penitus
792 1123 895 1183 animo
928 1122 1103 1202 figeremus.

150 1221 269 1282 Noster
282 1221 333 1280 bic
347 1220 444 1293 dolor,
455 1228 596 1278 nostrum
610 1219 733 1291 vulnus,
745 1218 833 1277 nobis
847 1228 913 1278 tam
927 1220 1038 1299 longae
1053 1219 1104 1278 ab

151 1317 268 1378 sentiae
283 1315 465 1376 condicione
476 1325 548 1374 ante
560 1313 796 1394 quadriennium
808 1314 937 1374 amissus
948 1324 1004 1375 est.
1033 1313 1106 1374 Om-
1125 1329 1156 1375 25
1196 1344 1198 1348 ·

151 1415 203 1474 nia
213 1414 280 1474 sine
291 1412 396 1485 dubio,
408 1412 524 1490 optime
536 1421 709 1489 parentum,
720 1408 883 1468 adsidente
894 1410 1105 1468 amantissima

152 1531 257 1585 uxore,
272 1508 452 1590 superfuere
466 1507 577 1567 honori
591 1516 665 1566 tuo:
686 1504 882 1584 paucioribus
897 1515 1002 1566 tamen
1017 1504 1104 1565 lacri-

151 1610 209 1669 mis
223 1608 432 1688 comploratus
446 1624 488 1680 es,
502 1615 535 1665 et
555 1603 724 1664 novissima
743 1602 776 1663 in
797 1602 866 1663 luce
887 1601 1103 1662 desideravere

153 1705 270 1785 aliquid
284 1703 366 1765 oculi
380 1702 437 1764 tui.

192 1803 241 1861 46.
271 1801 387 1882 Siquis
402 1802 522 1880 piorum
537 1805 680 1865 manibus
698 1805 792 1878 locus,
807 1804 842 1879 si,
857 1813 893 1866 ut
913 1801 1104 1884 sapientibus

151 1896 264 1977 placet,
279 1917 341 1957 non
356 1917 428 1957 cum
442 1919 570 1978 corpore
585 1903 812 1982 extinguuntur
826 1921 958 1982 magnae
973 1900 1104 1974 animae,

152 1990 273 2066 placide
289 1994 437 2072 quiescas,
452 2015 569 2076 nosque
584 1997 713 2057 domum
734 2009 818 2059 tuam
835 1999 874 2058 ab
888 1999 1011 2059 infirmo
1027 1997 1105 2058 desi-

152 2087 239 2146 derio
254 2099 286 2150 et
303 2091 504 2152 muliebribus
525 2094 670 2153 lamentis
685 2095 724 2153 ad
740 2095 1034 2175 contemplationem
1045 2096 1105 2155 vir-

150 2188 253 2240 tutum
276 2192 397 2243 tuarum
419 2204 521 2259 voces,
535 2207 611 2267 quas
631 2208 732 2267 neque
753 2189 853 2268 lugeri
874 2210 973 2270 neque
996 2189 1103 2270 plangi
1140 2202 1156 2247 t

151 2275 198 2336 fas
213 2287 269 2339 est.
310 2279 528 2342 Admiratione
544 2295 575 2342 te
590 2284 693 2361 potius
712 2293 744 2344 et
764 2285 990 2345 immortalibus
1005 2285 1103 2345 laudi-

150 2374 208 2435 bus
229 2385 269 2451 et,
285 2375 311 2437 si
331 2389 444 2437 natura
464 2379 653 2458 suppeditet,
673 2379 876 2440 similitudine
898 2382 1055 2442 colamus:
1077 2381 1102 2440 is

150 2492 242 2534 verus
269 2475 377 2549 bonos,
400 2494 437 2535 ea
464 2474 709 2556 conjunctissimi
736 2476 883 2555 cujusque
911 2476 1021 2556 pietas.
1063 2475 1102 2536 Id

150 2569 232 2630 filiae
243 2591 365 2652 quoque
376 2571 525 2651 uxorique
536 2572 756 2652 praeceperim,
769 2573 812 2633 sic
823 2572 929 2652 patris,
941 2571 985 2633 sic
995 2572 1102 2633 mariti

150 2669 330 2727 memoriam
340 2669 490 2743 venerari,
500 2678 536 2729 ut
547 2669 653 2729 omnia
662 2668 746 2730 iacta
757 2669 902 2748 dictaque
914 2671 983 2750 ejus
997 2688 1104 2729 secum
1125 2684 1155 2730 10

150 2763 323 2838 revolvant,
344 2765 538 2845 formamque
560 2785 596 2825 ac
616 2765 748 2846 figuram
770 2765 865 2826 animi
888 2766 988 2845 magis
1009 2786 1102 2846 quam

150 2861 557 2942 corporiscomplectantur3
571 2882 634 2924 non
644 2862 717 2944 quia
726 2863 984 2925 intercedendum
993 2873 1102 2942 putem

150 2957 338 3036 imaginibus
359 2979 438 3038 quae
459 2980 612 3021 marmore
633 2969 688 3022 aut
709 2980 779 3021 aere
800 2962 970 3041 finguntur,
985 2961 1050 3034 sed,
1064 2971 1101 3020 ut

149 3055 255 3114 vultus
269 3055 439 3129 bominum,
450 3056 496 3116 ita
509 3058 673 3118 simulacra
686 3059 792 3118 vultus
806 3057 960 3120 imbecilla
974 3077 1010 3118 ac
1023 3077 1103 3117 mor-

149 3151 226 3210 talia
240 3159 322 3224 sunt,
336 3152 561 3212 formamentis
575 3165 712 3228 aeterna,
728 3173 820 3232 quam
833 3163 942 3214 tenere
957 3165 989 3215 et
1003 3153 1103 3234 expri·
1124 3169 1155 3215 15

149 3265 233 3306 mere
247 3267 310 3306 non
324 3267 381 3326 per
395 3247 527 3308 alienam
546 3250 709 3310 materiam
724 3261 756 3309 et
770 3260 878 3322 artem,
891 3250 946 3311 sed
960 3251 1022 3312 tuis
1036 3251 1102 3331 ipse

151 3343 290 3404 moribus
317 3345 424 3424 possis.
480 3344 642 3426 Quidquid
670 3367 709 3407 ex
736 3346 886 3427 Agricola
919 3348 1100 3421 amavimus,

153 3440 303 3522 quidquid
328 3441 432 3503 mirati
459 3462 573 3519 sumus,
594 3452 699 3505 manet
726 3463 966 3524 mansurumque
993 3454 1042 3505 est
1068 3445 1099 3505 in
