<?xml version="1.0" encoding="UTF-8"?>
<!DOCTYPE html PUBLIC "-//W3C//DTD XHTML 1.0 Transitional//EN"
    "http://www.w3.org/TR/xhtml1/DTD/xhtml1-transitional.dtd">
<html xmlns="http://www.w3.org/1999/xhtml" xml:lang="en" lang="en">
 <head>
  <title>
</title>
<meta http-equiv="Content-Type" content="text/html;charset=utf-8" />
  <meta name='ocr-system' content='tesseract 3.04.00' />
  <meta name='ocr-capabilities' content='ocr_page ocr_carea ocr_par ocr_line ocrx_word'/>
</head>
<body>
  <div class='ocr_page' id='page_1' title='image "./selectionsfromt00chamgoog_0174.png"; bbox 0 0 2610 3908; ppageno 0'>
   <div class='ocr_carea' id='block_1_1' title="bbox 300 179 1163 245">
    <p class='ocr_par' dir='ltr' id='par_1_1' title="bbox 300 179 1163 245">
     <span class='ocr_line' id='line_1_1' title="bbox 300 179 1163 245; baseline 0.003 -3"><span class='ocrx_word' id='word_1_1' title='bbox 300 191 494 242; x_wconf 72' lang='lat' dir='ltr'>axonam</span> <span class='ocrx_word' id='word_1_2' title='bbox 516 191 670 242; x_wconf 81' lang='lat' dir='ltr'>nmmor</span> <span class='ocrx_word' id='word_1_3' title='bbox 693 191 743 240; x_wconf 81' lang='lat' dir='ltr'>nn</span> <span class='ocrx_word' id='word_1_4' title='bbox 765 191 1008 244; x_wconf 75' lang='lat' dir='ltr'>oanroarans.</span> <span class='ocrx_word' id='word_1_5' title='bbox 1098 179 1163 245; x_wconf 85' lang='grc'>159</span> 
     </span>
    </p>
   </div>
   <div class='ocr_carea' id='block_1_2' title="bbox 149 349 1233 2853">
    <p class='ocr_par' dir='ltr' id='par_1_2' title="bbox 155 349 1233 917">
     <span class='ocr_line' id='line_1_2' title="bbox 158 349 1108 429; baseline 0.001 -17"><span class='ocrx_word' id='word_1_6' title='bbox 158 352 201 412; x_wconf 91' lang='lat' dir='ltr'>Hi</span> <span class='ocrx_word' id='word_1_7' title='bbox 215 352 366 413; x_wconf 81' lang='lat' dir='ltr'>clientelis</span> <span class='ocrx_word' id='word_1_8' title='bbox 387 352 480 412; x_wconf 85' lang='lat' dir='ltr'>etlam</span> <span class='ocrx_word' id='word_1_9' title='bbox 502 362 677 413; x_wconf 87' lang='lat' dir='ltr'>exterarum</span> <span class='ocrx_word' id='word_1_10' title='bbox 698 349 859 410; x_wconf 89' lang='lat' dir='ltr'>nationum</span> <span class='ocrx_word' id='word_1_11' title='bbox 879 350 1108 429; x_wconf 82' lang='lat' dir='ltr'>redundabant,</span> 
     </span>
     <span class='ocr_line' id='line_1_3' title="bbox 157 448 1108 528; baseline 0.001 -18"><span class='ocrx_word' id='word_1_12' title='bbox 157 451 213 510; x_wconf 91' lang='lat' dir='ltr'>hos</span> <span class='ocrx_word' id='word_1_13' title='bbox 233 449 307 509; x_wconf 89' lang='lat' dir='ltr'>ituri</span> <span class='ocrx_word' id='word_1_14' title='bbox 328 449 360 509; x_wconf 90' lang='lat' dir='ltr'>in</span> <span class='ocrx_word' id='word_1_15' title='bbox 381 449 556 528; x_wconf 90' lang='lat' dir='ltr'>provincias</span> <span class='ocrx_word' id='word_1_16' title='bbox 576 449 777 528; x_wconf 83' lang='lat' dir='ltr'>magistratus</span> <span class='ocrx_word' id='word_1_17' title='bbox 802 448 1031 523; x_wconf 82' lang='lat' dir='ltr'>reverebantur,</span> <span class='ocrx_word' id='word_1_18' title='bbox 1050 452 1108 512; x_wconf 86' lang='lat' dir='ltr'>hos</span> 
     </span>
     <span class='ocr_line' id='line_1_4' title="bbox 156 545 1107 625; baseline 0.001 -19"><span class='ocrx_word' id='word_1_19' title='bbox 156 547 272 607; x_wconf 88' lang='lat' dir='ltr'>reversi</span> <span class='ocrx_word' id='word_1_20' title='bbox 287 546 439 620; x_wconf 90' lang='lat' dir='ltr'>colebant,</span> <span class='ocrx_word' id='word_1_21' title='bbox 454 548 510 606; x_wconf 91' lang='lat' dir='ltr'>hos</span> <span class='ocrx_word' id='word_1_22' title='bbox 524 558 556 606; x_wconf 89' lang='lat' dir='ltr'>et</span> <span class='ocrx_word' id='word_1_23' title='bbox 570 555 734 625; x_wconf 87' lang='lat' dir='ltr'>praeturae</span> <span class='ocrx_word' id='word_1_24' title='bbox 752 554 784 603; x_wconf 89' lang='lat' dir='ltr'>et</span> <span class='ocrx_word' id='word_1_25' title='bbox 804 545 982 606; x_wconf 89' lang='lat' dir='ltr'>consulatus</span> <span class='ocrx_word' id='word_1_26' title='bbox 996 567 1107 607; x_wconf 87' lang='lat' dir='ltr'>vocare</span> 
     </span>
     <span class='ocr_line' id='line_1_5' title="bbox 156 639 1161 722; baseline 0.001 -19"><span class='ocrx_word' id='word_1_27' title='bbox 156 643 238 704; x_wconf 89' lang='lat' dir='ltr'>ultro</span> <span class='ocrx_word' id='word_1_28' title='bbox 252 644 458 718; x_wconf 84' lang='lat' dir='ltr'>videbantur3</span> <span class='ocrx_word' id='word_1_29' title='bbox 478 642 512 702; x_wconf 90' lang='lat' dir='ltr'>hi</span> <span class='ocrx_word' id='word_1_30' title='bbox 526 662 565 702; x_wconf 88' lang='lat' dir='ltr'>ne</span> <span class='ocrx_word' id='word_1_31' title='bbox 580 640 695 722; x_wconf 90' lang='lat' dir='ltr'>privati</span> <span class='ocrx_word' id='word_1_32' title='bbox 716 639 843 719; x_wconf 90' lang='lat' dir='ltr'>quidem</span> <span class='ocrx_word' id='word_1_33' title='bbox 865 641 930 701; x_wconf 87' lang='lat' dir='ltr'>sine</span> <span class='ocrx_word' id='word_1_34' title='bbox 951 653 1108 722; x_wconf 85' lang='lat' dir='ltr'>potestate</span> <span class='ocrx_word' id='word_1_35' title='bbox 1129 657 1161 704; x_wconf 78' lang='lat'>25</span> 
     </span>
     <span class='ocr_line' id='line_1_6' title="bbox 156 732 1233 820; baseline 0 -20"><span class='ocrx_word' id='word_1_36' title='bbox 156 751 254 814; x_wconf 87' lang='lat' dir='ltr'>erant,</span> <span class='ocrx_word' id='word_1_37' title='bbox 269 760 340 799; x_wconf 90' lang='lat' dir='ltr'>cum</span> <span class='ocrx_word' id='word_1_38' title='bbox 355 749 387 799; x_wconf 93' lang='lat' dir='ltr'>et</span> <span class='ocrx_word' id='word_1_39' title='bbox 401 732 550 820; x_wconf 90' lang='lat' dir='ltr'>populum</span> <span class='ocrx_word' id='word_1_40' title='bbox 565 747 598 798; x_wconf 92' lang='lat' dir='ltr'>et</span> <span class='ocrx_word' id='word_1_41' title='bbox 612 746 755 798; x_wconf 89' lang='lat' dir='ltr'>senatum</span> <span class='ocrx_word' id='word_1_42' title='bbox 775 736 903 798; x_wconf 88' lang='lat' dir='ltr'>consilio</span> <span class='ocrx_word' id='word_1_43' title='bbox 925 748 957 798; x_wconf 88' lang='lat' dir='ltr'>et</span> <span class='ocrx_word' id='word_1_44' title='bbox 978 740 1109 800; x_wconf 90' lang='lat' dir='ltr'>auctori·</span> <span class='ocrx_word' id='word_1_45' title='bbox 1230 733 1233 739; x_wconf 67' lang='grc'>’</span> 
     </span>
     <span class='ocr_line' id='line_1_7' title="bbox 155 848 389 917; baseline 0.009 -21"><span class='ocrx_word' id='word_1_46' title='bbox 155 848 221 896; x_wconf 85' lang='lat' dir='ltr'>tate</span> <span class='ocrx_word' id='word_1_47' title='bbox 237 848 389 917; x_wconf 85' lang='lat' dir='ltr'>regerent.</span> 
     </span>
    </p>

    <p class='ocr_par' dir='ltr' id='par_1_3' title="bbox 149 932 1159 2853">
     <span class='ocr_line' id='line_1_8' title="bbox 195 932 1106 1014; baseline 0.002 -22"><span class='ocrx_word' id='word_1_48' title='bbox 195 935 242 994; x_wconf 83' lang='lat'>37.</span> <span class='ocrx_word' id='word_1_49' title='bbox 271 934 390 995; x_wconf 80' lang='lat' dir='ltr'>Crescit</span> <span class='ocrx_word' id='word_1_50' title='bbox 403 935 486 993; x_wconf 90' lang='lat' dir='ltr'>enim</span> <span class='ocrx_word' id='word_1_51' title='bbox 500 954 572 994; x_wconf 92' lang='lat' dir='ltr'>cum</span> <span class='ocrx_word' id='word_1_52' title='bbox 586 932 791 1012; x_wconf 86' lang='lat' dir='ltr'>amplitudine</span> <span class='ocrx_word' id='word_1_53' title='bbox 804 954 907 994; x_wconf 86' lang='lat' dir='ltr'>rerum</span> <span class='ocrx_word' id='word_1_54' title='bbox 918 934 966 994; x_wconf 88' lang='lat' dir='ltr'>vis</span> <span class='ocrx_word' id='word_1_55' title='bbox 980 935 1106 1014; x_wconf 86' lang='lat' dir='ltr'>ingenii,</span> 
     </span>
     <span class='ocr_line' id='line_1_9' title="bbox 154 1030 1106 1111; baseline 0.003 -22"><span class='ocrx_word' id='word_1_56' title='bbox 154 1051 212 1090; x_wconf 90' lang='lat' dir='ltr'>nec</span> <span class='ocrx_word' id='word_1_57' title='bbox 234 1031 396 1111; x_wconf 90' lang='lat' dir='ltr'>quisquam</span> <span class='ocrx_word' id='word_1_58' title='bbox 421 1031 535 1091; x_wconf 87' lang='lat' dir='ltr'>claram</span> <span class='ocrx_word' id='word_1_59' title='bbox 558 1039 591 1090; x_wconf 93' lang='lat' dir='ltr'>et</span> <span class='ocrx_word' id='word_1_60' title='bbox 613 1030 764 1091; x_wconf 82' lang='lat' dir='ltr'>illustrem</span> <span class='ocrx_word' id='word_1_61' title='bbox 790 1031 962 1092; x_wconf 90' lang='lat' dir='ltr'>orationem</span> <span class='ocrx_word' id='word_1_62' title='bbox 987 1033 1106 1092; x_wconf 88' lang='lat' dir='ltr'>efficere</span> 
     </span>
     <span class='ocr_line' id='line_1_10' title="bbox 153 1128 1106 1208; baseline 0.001 -22"><span class='ocrx_word' id='word_1_63' title='bbox 153 1137 267 1206; x_wconf 89' lang='lat' dir='ltr'>potest,</span> <span class='ocrx_word' id='word_1_64' title='bbox 285 1128 345 1187; x_wconf 87' lang='lat' dir='ltr'>nisi</span> <span class='ocrx_word' id='word_1_65' title='bbox 367 1128 421 1206; x_wconf 88' lang='lat' dir='ltr'>qui</span> <span class='ocrx_word' id='word_1_66' title='bbox 445 1147 568 1188; x_wconf 87' lang='lat' dir='ltr'>causam</span> <span class='ocrx_word' id='word_1_67' title='bbox 590 1147 695 1207; x_wconf 88' lang='lat' dir='ltr'>parem</span> <span class='ocrx_word' id='word_1_68' title='bbox 718 1128 847 1189; x_wconf 89' lang='lat' dir='ltr'>invenit.</span> <span class='ocrx_word' id='word_1_69' title='bbox 889 1129 972 1203; x_wconf 88' lang='lat' dir='ltr'>Non,</span> <span class='ocrx_word' id='word_1_70' title='bbox 988 1130 1106 1208; x_wconf 88' lang='lat' dir='ltr'>opinor,</span> 
     </span>
     <span class='ocr_line' id='line_1_11' title="bbox 154 1224 1106 1305; baseline 0.002 -21"><span class='ocrx_word' id='word_1_71' title='bbox 154 1224 397 1284; x_wconf 87' lang='lat' dir='ltr'>Demosthenem</span> <span class='ocrx_word' id='word_1_72' title='bbox 409 1224 563 1283; x_wconf 88' lang='lat' dir='ltr'>orationes</span> <span class='ocrx_word' id='word_1_73' title='bbox 574 1224 731 1284; x_wconf 88' lang='lat' dir='ltr'>illustrant</span> <span class='ocrx_word' id='word_1_74' title='bbox 742 1245 817 1305; x_wconf 90' lang='lat' dir='ltr'>quas</span> <span class='ocrx_word' id='word_1_75' title='bbox 828 1226 976 1287; x_wconf 87' lang='lat' dir='ltr'>adversus</span> <span class='ocrx_word' id='word_1_76' title='bbox 986 1236 1106 1287; x_wconf 90' lang='lat' dir='ltr'>tutores</span> 
     </span>
     <span class='ocr_line' id='line_1_12' title="bbox 152 1319 1159 1402; baseline 0 -20"><span class='ocrx_word' id='word_1_77' title='bbox 152 1343 224 1382; x_wconf 90' lang='lat' dir='ltr'>suos</span> <span class='ocrx_word' id='word_1_78' title='bbox 245 1319 429 1400; x_wconf 82' lang='lat' dir='ltr'>composuit,</span> <span class='ocrx_word' id='word_1_79' title='bbox 444 1341 501 1380; x_wconf 87' lang='lat' dir='ltr'>nec</span> <span class='ocrx_word' id='word_1_80' title='bbox 521 1321 703 1381; x_wconf 87' lang='lat' dir='ltr'>Ciceronem</span> <span class='ocrx_word' id='word_1_81' title='bbox 724 1342 872 1402; x_wconf 86' lang='lat' dir='ltr'>magnum</span> <span class='ocrx_word' id='word_1_82' title='bbox 892 1334 1047 1383; x_wconf 90' lang='lat' dir='ltr'>oratorem</span> <span class='ocrx_word' id='word_1_83' title='bbox 1069 1323 1106 1383; x_wconf 91' lang='lat' dir='ltr'>P.</span> <span class='ocrx_word' id='word_1_84' title='bbox 1143 1337 1159 1382; x_wconf 81' lang='lat' dir='ltr'>t</span> 
     </span>
     <span class='ocr_line' id='line_1_13' title="bbox 154 1416 1107 1490; baseline 0.001 -12"><span class='ocrx_word' id='word_1_85' title='bbox 154 1417 319 1490; x_wconf 75' lang='lat' dir='ltr'>Quinctius</span> <span class='ocrx_word' id='word_1_86' title='bbox 333 1417 479 1477; x_wconf 83' lang='lat' dir='ltr'>defensus</span> <span class='ocrx_word' id='word_1_87' title='bbox 494 1426 548 1477; x_wconf 88' lang='lat' dir='ltr'>aut</span> <span class='ocrx_word' id='word_1_88' title='bbox 562 1416 700 1478; x_wconf 88' lang='lat' dir='ltr'>Licinius</span> <span class='ocrx_word' id='word_1_89' title='bbox 713 1418 845 1478; x_wconf 85' lang='lat' dir='ltr'>Archias</span> <span class='ocrx_word' id='word_1_90' title='bbox 865 1418 1003 1479; x_wconf 82' lang='lat' dir='ltr'>faciunt:</span> <span class='ocrx_word' id='word_1_91' title='bbox 1025 1421 1107 1481; x_wconf 88' lang='lat' dir='ltr'>Cati-</span> 
     </span>
     <span class='ocr_line' id='line_1_14' title="bbox 152 1514 1105 1588; baseline 0 -11"><span class='ocrx_word' id='word_1_92' title='bbox 152 1517 215 1577; x_wconf 87' lang='lat' dir='ltr'>lina</span> <span class='ocrx_word' id='word_1_93' title='bbox 229 1524 261 1576; x_wconf 90' lang='lat' dir='ltr'>et</span> <span class='ocrx_word' id='word_1_94' title='bbox 276 1515 354 1575; x_wconf 91' lang='lat' dir='ltr'>Milo</span> <span class='ocrx_word' id='word_1_95' title='bbox 370 1526 402 1575; x_wconf 89' lang='lat' dir='ltr'>et</span> <span class='ocrx_word' id='word_1_96' title='bbox 416 1514 533 1575; x_wconf 89' lang='lat' dir='ltr'>Verres</span> <span class='ocrx_word' id='word_1_97' title='bbox 554 1524 586 1574; x_wconf 92' lang='lat' dir='ltr'>et</span> <span class='ocrx_word' id='word_1_98' title='bbox 600 1516 757 1575; x_wconf 89' lang='lat' dir='ltr'>Antonius</span> <span class='ocrx_word' id='word_1_99' title='bbox 770 1516 850 1575; x_wconf 87' lang='lat' dir='ltr'>hano</span> <span class='ocrx_word' id='word_1_100' title='bbox 864 1515 913 1588; x_wconf 88' lang='lat' dir='ltr'>illi</span> <span class='ocrx_word' id='word_1_101' title='bbox 923 1516 1035 1576; x_wconf 86' lang='lat' dir='ltr'>famam</span> <span class='ocrx_word' id='word_1_102' title='bbox 1050 1517 1105 1577; x_wconf 89' lang='lat' dir='ltr'>cir-</span> 
     </span>
     <span class='ocr_line' id='line_1_15' title="bbox 152 1612 1105 1694; baseline 0 -20"><span class='ocrx_word' id='word_1_103' title='bbox 152 1612 397 1675; x_wconf 88' lang='lat' dir='ltr'>cumdederunt:</span> <span class='ocrx_word' id='word_1_104' title='bbox 425 1633 488 1673; x_wconf 92' lang='lat' dir='ltr'>non</span> <span class='ocrx_word' id='word_1_105' title='bbox 511 1612 583 1694; x_wconf 88' lang='lat' dir='ltr'>quia</span> <span class='ocrx_word' id='word_1_106' title='bbox 606 1612 688 1673; x_wconf 90' lang='lat' dir='ltr'>tanti</span> <span class='ocrx_word' id='word_1_107' title='bbox 711 1612 773 1673; x_wconf 81' lang='lat' dir='ltr'>fuit</span> <span class='ocrx_word' id='word_1_108' title='bbox 797 1613 983 1692; x_wconf 87' lang='lat' dir='ltr'>reipublicae</span> <span class='ocrx_word' id='word_1_109' title='bbox 1007 1615 1105 1674; x_wconf 90' lang='lat' dir='ltr'>malos</span> 
     </span>
     <span class='ocr_line' id='line_1_16' title="bbox 151 1710 1104 1788; baseline -0.003 -15"><span class='ocrx_word' id='word_1_110' title='bbox 151 1715 230 1774; x_wconf 88' lang='lat' dir='ltr'>ferre</span> <span class='ocrx_word' id='word_1_111' title='bbox 253 1715 344 1788; x_wconf 88' lang='lat' dir='ltr'>cives,</span> <span class='ocrx_word' id='word_1_112' title='bbox 359 1723 394 1775; x_wconf 91' lang='lat' dir='ltr'>ut</span> <span class='ocrx_word' id='word_1_113' title='bbox 408 1712 536 1773; x_wconf 91' lang='lat' dir='ltr'>uberem</span> <span class='ocrx_word' id='word_1_114' title='bbox 550 1712 590 1770; x_wconf 91' lang='lat' dir='ltr'>ad</span> <span class='ocrx_word' id='word_1_115' title='bbox 605 1711 771 1772; x_wconf 89' lang='lat' dir='ltr'>dicendum</span> <span class='ocrx_word' id='word_1_116' title='bbox 790 1710 953 1773; x_wconf 86' lang='lat' dir='ltr'>materiam</span> <span class='ocrx_word' id='word_1_117' title='bbox 964 1720 1104 1771; x_wconf 90' lang='lat' dir='ltr'>oratores</span> 
     </span>
     <span class='ocr_line' id='line_1_17' title="bbox 151 1807 1156 1887; baseline -0.002 -17"><span class='ocrx_word' id='word_1_118' title='bbox 151 1811 311 1886; x_wconf 88' lang='lat' dir='ltr'>haberent,</span> <span class='ocrx_word' id='word_1_119' title='bbox 327 1811 392 1886; x_wconf 92' lang='lat' dir='ltr'>sed,</span> <span class='ocrx_word' id='word_1_120' title='bbox 407 1820 443 1872; x_wconf 91' lang='lat' dir='ltr'>ut</span> <span class='ocrx_word' id='word_1_121' title='bbox 463 1809 594 1872; x_wconf 86' lang='lat' dir='ltr'>subinde</span> <span class='ocrx_word' id='word_1_122' title='bbox 615 1807 778 1882; x_wconf 86' lang='lat' dir='ltr'>admoneo,</span> <span class='ocrx_word' id='word_1_123' title='bbox 792 1808 979 1887; x_wconf 83' lang='lat' dir='ltr'>quaestionis</span> <span class='ocrx_word' id='word_1_124' title='bbox 1000 1807 1104 1867; x_wconf 88' lang='lat' dir='ltr'>memi-</span> <span class='ocrx_word' id='word_1_125' title='bbox 1125 1823 1156 1868; x_wconf 81' lang='grc' dir='ltr'>ιο</span> 
     </span>
     <span class='ocr_line' id='line_1_18' title="bbox 151 1904 1103 1990; baseline -0.003 -23"><span class='ocrx_word' id='word_1_126' title='bbox 151 1910 286 1968; x_wconf 83' lang='lat' dir='ltr'>norimus</span> <span class='ocrx_word' id='word_1_127' title='bbox 308 1911 502 1990; x_wconf 87' lang='lat' dir='ltr'>sciamusque</span> <span class='ocrx_word' id='word_1_128' title='bbox 524 1929 581 1968; x_wconf 91' lang='lat' dir='ltr'>nos</span> <span class='ocrx_word' id='word_1_129' title='bbox 601 1907 641 1966; x_wconf 91' lang='lat' dir='ltr'>de</span> <span class='ocrx_word' id='word_1_130' title='bbox 662 1926 699 1966; x_wconf 88' lang='lat' dir='ltr'>ea</span> <span class='ocrx_word' id='word_1_131' title='bbox 719 1926 752 1965; x_wconf 88' lang='lat' dir='ltr'>re</span> <span class='ocrx_word' id='word_1_132' title='bbox 772 1905 867 1986; x_wconf 88' lang='lat' dir='ltr'>loqui,</span> <span class='ocrx_word' id='word_1_133' title='bbox 882 1925 960 1984; x_wconf 86' lang='lat' dir='ltr'>quae</span> <span class='ocrx_word' id='word_1_134' title='bbox 981 1904 1103 1965; x_wconf 81' lang='lat' dir='ltr'>facilius</span> 
     </span>
     <span class='ocr_line' id='line_1_19' title="bbox 150 2000 1102 2087; baseline -0.001 -24"><span class='ocrx_word' id='word_1_135' title='bbox 150 2000 283 2065; x_wconf 88' lang='lat' dir='ltr'>turbidis</span> <span class='ocrx_word' id='word_1_136' title='bbox 305 2015 338 2066; x_wconf 91' lang='lat' dir='ltr'>et</span> <span class='ocrx_word' id='word_1_137' title='bbox 357 2005 504 2087; x_wconf 86' lang='lat' dir='ltr'>inquietis</span> <span class='ocrx_word' id='word_1_138' title='bbox 524 2004 715 2084; x_wconf 85' lang='lat' dir='ltr'>temporibus</span> <span class='ocrx_word' id='word_1_139' title='bbox 730 2002 845 2063; x_wconf 87' lang='lat' dir='ltr'>existit.</span> <span class='ocrx_word' id='word_1_140' title='bbox 887 2001 965 2073; x_wconf 79' lang='lat' dir='ltr'>Quis</span> <span class='ocrx_word' id='word_1_141' title='bbox 978 2001 1102 2081; x_wconf 84' lang='lat' dir='ltr'>ignorat</span> 
     </span>
     <span class='ocr_line' id='line_1_20' title="bbox 151 2098 1104 2178; baseline -0.001 -20"><span class='ocrx_word' id='word_1_142' title='bbox 151 2100 258 2159; x_wconf 87' lang='lat' dir='ltr'>utilius</span> <span class='ocrx_word' id='word_1_143' title='bbox 282 2120 318 2160; x_wconf 86' lang='lat' dir='ltr'>ao</span> <span class='ocrx_word' id='word_1_144' title='bbox 339 2101 450 2161; x_wconf 92' lang='lat' dir='ltr'>melius</span> <span class='ocrx_word' id='word_1_145' title='bbox 474 2121 540 2162; x_wconf 90' lang='lat' dir='ltr'>esse</span> <span class='ocrx_word' id='word_1_146' title='bbox 560 2101 620 2161; x_wconf 88' lang='lat' dir='ltr'>srui</span> <span class='ocrx_word' id='word_1_147' title='bbox 644 2119 720 2178; x_wconf 88' lang='lat' dir='ltr'>pace</span> <span class='ocrx_word' id='word_1_148' title='bbox 745 2119 838 2178; x_wconf 86' lang='lat' dir='ltr'>quam</span> <span class='ocrx_word' id='word_1_149' title='bbox 864 2098 946 2158; x_wconf 91' lang='lat' dir='ltr'>bello</span> <span class='ocrx_word' id='word_1_150' title='bbox 972 2098 1104 2157; x_wconf 84' lang='lat' dir='ltr'>vexari?</span> 
     </span>
     <span class='ocr_line' id='line_1_21' title="bbox 151 2196 1101 2275; baseline 0 -20"><span class='ocrx_word' id='word_1_151' title='bbox 151 2198 254 2275; x_wconf 89' lang='lat' dir='ltr'>plures</span> <span class='ocrx_word' id='word_1_152' title='bbox 267 2206 373 2256; x_wconf 88' lang='lat' dir='ltr'>tamen</span> <span class='ocrx_word' id='word_1_153' title='bbox 384 2196 482 2256; x_wconf 93' lang='lat' dir='ltr'>bonos</span> <span class='ocrx_word' id='word_1_154' title='bbox 495 2197 699 2275; x_wconf 88' lang='lat' dir='ltr'>proeliatores</span> <span class='ocrx_word' id='word_1_155' title='bbox 713 2196 793 2254; x_wconf 91' lang='lat' dir='ltr'>bella</span> <span class='ocrx_word' id='word_1_156' title='bbox 804 2215 896 2275; x_wconf 88' lang='lat' dir='ltr'>quarn</span> <span class='ocrx_word' id='word_1_157' title='bbox 907 2214 967 2273; x_wconf 85' lang='lat' dir='ltr'>pax</span> <span class='ocrx_word' id='word_1_158' title='bbox 981 2196 1101 2255; x_wconf 84' lang='lat' dir='ltr'>ferunt:</span> 
     </span>
     <span class='ocr_line' id='line_1_22' title="bbox 150 2291 1155 2374; baseline 0 -22"><span class='ocrx_word' id='word_1_159' title='bbox 150 2292 258 2352; x_wconf 87' lang='lat' dir='ltr'>similis</span> <span class='ocrx_word' id='word_1_160' title='bbox 273 2293 465 2374; x_wconf 89' lang='lat' dir='ltr'>eloquentiae</span> <span class='ocrx_word' id='word_1_161' title='bbox 480 2293 629 2353; x_wconf 90' lang='lat' dir='ltr'>condicio.</span> <span class='ocrx_word' id='word_1_162' title='bbox 672 2292 755 2351; x_wconf 88' lang='lat' dir='ltr'>Nam</span> <span class='ocrx_word' id='word_1_163' title='bbox 771 2311 831 2370; x_wconf 91' lang='lat' dir='ltr'>quo</span> <span class='ocrx_word' id='word_1_164' title='bbox 846 2291 967 2368; x_wconf 88' lang='lat' dir='ltr'>saepius</span> <span class='ocrx_word' id='word_1_165' title='bbox 981 2291 1103 2351; x_wconf 89' lang='lat' dir='ltr'>steterit</span> <span class='ocrx_word' id='word_1_166' title='bbox 1125 2307 1155 2352; x_wconf 81' lang='lat'>15</span> 
     </span>
     <span class='ocr_line' id='line_1_23' title="bbox 150 2386 1104 2469; baseline -0.001 -21"><span class='ocrx_word' id='word_1_167' title='bbox 150 2400 299 2469; x_wconf 86' lang='lat' dir='ltr'>tanquam</span> <span class='ocrx_word' id='word_1_168' title='bbox 319 2390 350 2449; x_wconf 91' lang='lat' dir='ltr'>in</span> <span class='ocrx_word' id='word_1_169' title='bbox 372 2389 446 2464; x_wconf 86' lang='lat' dir='ltr'>acie,</span> <span class='ocrx_word' id='word_1_170' title='bbox 460 2408 581 2469; x_wconf 87' lang='lat' dir='ltr'>quoque</span> <span class='ocrx_word' id='word_1_171' title='bbox 595 2389 698 2468; x_wconf 92' lang='lat' dir='ltr'>plures</span> <span class='ocrx_word' id='word_1_172' title='bbox 713 2397 745 2448; x_wconf 90' lang='lat' dir='ltr'>et</span> <span class='ocrx_word' id='word_1_173' title='bbox 759 2386 900 2446; x_wconf 88' lang='lat' dir='ltr'>intulerit</span> <span class='ocrx_word' id='word_1_174' title='bbox 913 2386 992 2447; x_wconf 91' lang='lat' dir='ltr'>ictus</span> <span class='ocrx_word' id='word_1_175' title='bbox 1007 2398 1039 2447; x_wconf 93' lang='lat' dir='ltr'>et</span> <span class='ocrx_word' id='word_1_176' title='bbox 1053 2408 1104 2447; x_wconf 89' lang='lat' dir='ltr'>ex·</span> 
     </span>
     <span class='ocr_line' id='line_1_24' title="bbox 150 2485 1103 2567; baseline -0.001 -20"><span class='ocrx_word' id='word_1_177' title='bbox 150 2488 277 2565; x_wconf 88' lang='lat' dir='ltr'>ceperit,</span> <span class='ocrx_word' id='word_1_178' title='bbox 288 2506 409 2567; x_wconf 91' lang='lat' dir='ltr'>quoque</span> <span class='ocrx_word' id='word_1_179' title='bbox 421 2487 556 2567; x_wconf 89' lang='lat' dir='ltr'>majores</span> <span class='ocrx_word' id='word_1_180' title='bbox 571 2485 763 2546; x_wconf 87' lang='lat' dir='ltr'>adversarios</span> <span class='ocrx_word' id='word_1_181' title='bbox 778 2485 971 2562; x_wconf 84' lang='lat' dir='ltr'>acrioresque</span> <span class='ocrx_word' id='word_1_182' title='bbox 982 2504 1103 2564; x_wconf 81' lang='lat' dir='ltr'>pugnas</span> 
     </span>
     <span class='ocr_line' id='line_1_25' title="bbox 150 2580 1101 2663; baseline -0.001 -20"><span class='ocrx_word' id='word_1_183' title='bbox 150 2583 209 2643; x_wconf 92' lang='lat' dir='ltr'>sibi</span> <span class='ocrx_word' id='word_1_184' title='bbox 229 2583 296 2663; x_wconf 85' lang='lat' dir='ltr'>ipsa</span> <span class='ocrx_word' id='word_1_185' title='bbox 310 2583 524 2663; x_wconf 89' lang='lat' dir='ltr'>desumpserit,</span> <span class='ocrx_word' id='word_1_186' title='bbox 539 2593 628 2644; x_wconf 89' lang='lat' dir='ltr'>tanto</span> <span class='ocrx_word' id='word_1_187' title='bbox 649 2582 741 2643; x_wconf 90' lang='lat' dir='ltr'>altior</span> <span class='ocrx_word' id='word_1_188' title='bbox 762 2591 794 2642; x_wconf 90' lang='lat' dir='ltr'>et</span> <span class='ocrx_word' id='word_1_189' title='bbox 814 2580 964 2640; x_wconf 86' lang='lat' dir='ltr'>excelsior</span> <span class='ocrx_word' id='word_1_190' title='bbox 986 2590 1019 2640; x_wconf 88' lang='lat' dir='ltr'>et</span> <span class='ocrx_word' id='word_1_191' title='bbox 1039 2581 1101 2642; x_wconf 86' lang='lat' dir='ltr'>iilis</span> 
     </span>
     <span class='ocr_line' id='line_1_26' title="bbox 149 2676 1102 2758; baseline -0.002 -18"><span class='ocrx_word' id='word_1_192' title='bbox 149 2680 315 2741; x_wconf 89' lang='lat' dir='ltr'>nobilitata</span> <span class='ocrx_word' id='word_1_193' title='bbox 328 2679 556 2741; x_wconf 89' lang='lat' dir='ltr'>discriminibus</span> <span class='ocrx_word' id='word_1_194' title='bbox 577 2679 609 2740; x_wconf 93' lang='lat' dir='ltr'>in</span> <span class='ocrx_word' id='word_1_195' title='bbox 631 2698 684 2739; x_wconf 91' lang='lat' dir='ltr'>ore</span> <span class='ocrx_word' id='word_1_196' title='bbox 704 2677 866 2740; x_wconf 89' lang='lat' dir='ltr'>hominum</span> <span class='ocrx_word' id='word_1_197' title='bbox 880 2676 955 2758; x_wconf 85' lang='lat' dir='ltr'>agit,</span> <span class='ocrx_word' id='word_1_198' title='bbox 971 2696 1102 2758; x_wconf 91' lang='lat' dir='ltr'>quorum</span> 
     </span>
     <span class='ocr_line' id='line_1_27' title="bbox 149 2775 1155 2853; baseline -0.001 -16"><span class='ocrx_word' id='word_1_199' title='bbox 149 2797 187 2837; x_wconf 89' lang='lat' dir='ltr'>ea</span> <span class='ocrx_word' id='word_1_200' title='bbox 200 2788 312 2838; x_wconf 88' lang='lat' dir='ltr'>natura</span> <span class='ocrx_word' id='word_1_201' title='bbox 325 2789 381 2853; x_wconf 86' lang='lat' dir='ltr'>est,</span> <span class='ocrx_word' id='word_1_202' title='bbox 396 2777 462 2838; x_wconf 76' lang='lat' dir='ltr'>ut*</span> <span class='ocrx_word' id='word_1_203' title='bbox 483 2781 500 2815; x_wconf 80' lang='lat'>⁴¹</span> <span class='ocrx_word' id='word_1_204' title='bbox 516 2795 623 2839; x_wconf 84' lang='lat' dir='ltr'>secura</span> <span class='ocrx_word' id='word_1_205' title='bbox 637 2775 744 2838; x_wconf 86' lang='lat' dir='ltr'>velint.</span> <span class='ocrx_word' id='word_1_206' title='bbox 1122 2789 1155 2836; x_wconf 81' lang='lat' dir='ltr'>ao</span> 
     </span>
    </p>
   </div>
   <div class='ocr_carea' id='block_1_3' title="bbox 0 0 1310 3908">
    <p class='ocr_par' dir='ltr' id='par_1_4' title="bbox 0 0 1310 3908">
     <span class='ocr_line' id='line_1_28' title="bbox 0 0 1310 3908; baseline 0 4"><span class='ocrx_word' id='word_1_207' title='bbox 0 0 1310 3908; x_wconf 95' lang='lat' dir='ltr'> </span> 
     </span>
    </p>
   </div>
  </div>
 </body>
</html>
