<?xml version="1.0" encoding="UTF-8"?>
<!DOCTYPE html PUBLIC "-//W3C//DTD XHTML 1.0 Transitional//EN"
    "http://www.w3.org/TR/xhtml1/DTD/xhtml1-transitional.dtd">
<html xmlns="http://www.w3.org/1999/xhtml" xml:lang="en" lang="en">
 <head>
  <title>
</title>
<meta http-equiv="Content-Type" content="text/html;charset=utf-8" />
  <meta name='ocr-system' content='tesseract 3.04.00' />
  <meta name='ocr-capabilities' content='ocr_page ocr_carea ocr_par ocr_line ocrx_word'/>
</head>
<body>
  <div class='ocr_page' id='page_1' title='image "./selectionsfromt00chamgoog_0093.png"; bbox 0 0 2580 3944; ppageno 0'>
   <div class='ocr_carea' id='block_1_1' title="bbox 137 166 852 231">
    <p class='ocr_par' dir='ltr' id='par_1_1' title="bbox 137 166 852 231">
     <span class='ocr_line' id='line_1_1' title="bbox 137 166 852 231; baseline -0.011 0"><span class='ocrx_word' id='word_1_1' title='bbox 137 166 181 231; x_wconf 73' lang='lat'>78</span> <span class='ocrx_word' id='word_1_2' title='bbox 418 177 616 226; x_wconf 77' lang='lat' dir='ltr'>nxcmtm</span> <span class='ocrx_word' id='word_1_3' title='bbox 635 176 852 225; x_wconf 72' lang='lat' dir='ltr'>ramma.</span> 
     </span>
    </p>
   </div>
   <div class='ocr_carea' id='block_1_2' title="bbox 139 335 1158 3506">
    <p class='ocr_par' dir='ltr' id='par_1_2' title="bbox 139 335 1149 1186">
     <span class='ocr_line' id='line_1_2' title="bbox 190 335 1149 418; baseline -0.003 -21"><span class='ocrx_word' id='word_1_4' title='bbox 190 359 253 418; x_wconf 82' lang='lat' dir='ltr'>quo</span> <span class='ocrx_word' id='word_1_5' title='bbox 272 338 389 416; x_wconf 82' lang='lat' dir='ltr'>largior</span> <span class='ocrx_word' id='word_1_6' title='bbox 407 348 439 397; x_wconf 87' lang='lat' dir='ltr'>et</span> <span class='ocrx_word' id='word_1_7' title='bbox 459 337 600 416; x_wconf 82' lang='lat' dir='ltr'>pluribus</span> <span class='ocrx_word' id='word_1_8' title='bbox 619 336 696 395; x_wconf 84' lang='lat' dir='ltr'>locis</span> <span class='ocrx_word' id='word_1_9' title='bbox 715 336 748 394; x_wconf 91' lang='lat' dir='ltr'>in</span> <span class='ocrx_word' id='word_1_10' title='bbox 767 336 927 414; x_wconf 88' lang='lat' dir='ltr'>publicum</span> <span class='ocrx_word' id='word_1_11' title='bbox 945 335 1067 395; x_wconf 80' lang='lat' dir='ltr'>flueret.</span> <span class='ocrx_word' id='word_1_12' title='bbox 1080 355 1149 394; x_wconf 75' lang='lat' dir='ltr'>cns-</span> 
     </span>
     <span class='ocr_line' id='line_1_3' title="bbox 193 432 1147 512; baseline -0.003 -18"><span class='ocrx_word' id='word_1_13' title='bbox 193 437 293 506; x_wconf 83' lang='lat' dir='ltr'>todes,</span> <span class='ocrx_word' id='word_1_14' title='bbox 316 448 348 493; x_wconf 86' lang='lat' dir='ltr'>et</span> <span class='ocrx_word' id='word_1_15' title='bbox 372 435 511 493; x_wconf 64' lang='lat' dir='ltr'>subsidia</span> <span class='ocrx_word' id='word_1_16' title='bbox 538 434 740 512; x_wconf 70' lang='lat' dir='ltr'>reprimendis</span> <span class='ocrx_word' id='word_1_17' title='bbox 768 433 891 511; x_wconf 77' lang='lat' dir='ltr'><strong>ignibus</strong></span> <span class='ocrx_word' id='word_1_18' title='bbox 917 432 950 491; x_wconf 90' lang='lat' dir='ltr'>in</span> <span class='ocrx_word' id='word_1_19' title='bbox 976 434 1147 512; x_wconf 89' lang='lat' dir='ltr'>propatulo</span> 
     </span>
     <span class='ocr_line' id='line_1_4' title="bbox 193 529 1147 611; baseline -0.002 -23"><span class='ocrx_word' id='word_1_20' title='bbox 193 533 322 611; x_wconf 75' lang='lat' dir='ltr'>quisque</span> <span class='ocrx_word' id='word_1_21' title='bbox 343 532 489 603; x_wconf 90' lang='lat' dir='ltr'>haberet;</span> <span class='ocrx_word' id='word_1_22' title='bbox 509 551 567 590; x_wconf 89' lang='lat' dir='ltr'>nec</span> <span class='ocrx_word' id='word_1_23' title='bbox 587 531 803 589; x_wconf 90' lang='lat' dir='ltr'>communione</span> <span class='ocrx_word' id='word_1_24' title='bbox 823 529 989 607; x_wconf 83' lang='lat' dir='ltr'>parietum,</span> <span class='ocrx_word' id='word_1_25' title='bbox 1001 529 1057 587; x_wconf 84' lang='lat' dir='ltr'>sed</span> <span class='ocrx_word' id='word_1_26' title='bbox 1077 549 1147 607; x_wconf 86' lang='lat' dir='ltr'>pru-</span> 
     </span>
     <span class='ocr_line' id='line_1_5' title="bbox 192 627 1147 708; baseline 0 -25"><span class='ocrx_word' id='word_1_27' title='bbox 192 630 265 708; x_wconf 75' lang='lat' dir='ltr'>priis</span> <span class='ocrx_word' id='word_1_28' title='bbox 285 648 425 707; x_wconf 86' lang='lat' dir='ltr'>quaeque</span> <span class='ocrx_word' id='word_1_29' title='bbox 445 629 540 686; x_wconf 83' lang='lat' dir='ltr'>muris</span> <span class='ocrx_word' id='word_1_30' title='bbox 561 628 760 685; x_wconf 79' lang='lat' dir='ltr'>ambirentur.</span> <span class='ocrx_word' id='word_1_31' title='bbox 807 629 855 684; x_wconf 86' lang='lat' dir='ltr'>Ea</span> <span class='ocrx_word' id='word_1_32' title='bbox 877 645 918 684; x_wconf 85' lang='lat' dir='ltr'>ex</span> <span class='ocrx_word' id='word_1_33' title='bbox 942 627 1077 684; x_wconf 88' lang='lat' dir='ltr'>utilitate</span> <span class='ocrx_word' id='word_1_34' title='bbox 1098 645 1147 684; x_wconf 86' lang='lat' dir='ltr'>ac-</span> 
     </span>
     <span class='ocr_line' id='line_1_6' title="bbox 139 722 1145 804; baseline -0.004 -20"><span class='ocrx_word' id='word_1_35' title='bbox 139 738 283 804; x_wconf 77' lang='lat' dir='ltr'>abrepta</span> <span class='ocrx_word' id='word_1_36' title='bbox 310 726 453 783; x_wconf 75' lang='lat' dir='ltr'>decorem</span> <span class='ocrx_word' id='word_1_37' title='bbox 481 744 604 803; x_wconf 89' lang='lat' dir='ltr'>quoque</span> <span class='ocrx_word' id='word_1_38' title='bbox 631 743 732 782; x_wconf 78' lang='lat' dir='ltr'>norae</span> <span class='ocrx_word' id='word_1_39' title='bbox 759 723 828 781; x_wconf 90' lang='lat' dir='ltr'>urbi</span> <span class='ocrx_word' id='word_1_40' title='bbox 854 724 997 781; x_wconf 76' lang='lat' dir='ltr'>attulere.</span> <span class='ocrx_word' id='word_1_41' title='bbox 1044 722 1145 780; x_wconf 87' lang='lat' dir='ltr'>Erant</span> 
     </span>
     <span class='ocr_line' id='line_1_7' title="bbox 192 818 1146 900; baseline -0.004 -19"><span class='ocrx_word' id='word_1_42' title='bbox 192 836 298 881; x_wconf 86' lang='lat' dir='ltr'>tamen</span> <span class='ocrx_word' id='word_1_43' title='bbox 313 822 365 900; x_wconf 87' lang='lat' dir='ltr'>qui</span> <span class='ocrx_word' id='word_1_44' title='bbox 380 821 550 891; x_wconf 71' lang='lat' dir='ltr'>crederent,</span> <span class='ocrx_word' id='word_1_45' title='bbox 564 834 702 878; x_wconf 75' lang='lat' dir='ltr'>veterem</span> <span class='ocrx_word' id='word_1_46' title='bbox 722 820 806 878; x_wconf 84' lang='lat' dir='ltr'>illam</span> <span class='ocrx_word' id='word_1_47' title='bbox 824 820 957 877; x_wconf 73' lang='lat' dir='ltr'>sonuum</span> <span class='ocrx_word' id='word_1_48' title='bbox 970 818 1146 877; x_wconf 77' lang='lat' dir='ltr'>salubritati</span> 
     </span>
     <span class='ocr_line' id='line_1_8' title="bbox 192 916 1147 996; baseline -0.002 -21"><span class='ocrx_word' id='word_1_49' title='bbox 192 918 292 996; x_wconf 82' lang='lat' dir='ltr'>magis</span> <span class='ocrx_word' id='word_1_50' title='bbox 312 917 507 989; x_wconf 79' lang='lat' dir='ltr'>conduxisse,</span> <span class='ocrx_word' id='word_1_51' title='bbox 534 917 679 996; x_wconf 87' lang='lat' dir='ltr'>quoniam</span> <span class='ocrx_word' id='word_1_52' title='bbox 696 918 858 994; x_wconf 72' lang='lat' dir='ltr'>angmtiae</span> <span class='ocrx_word' id='word_1_53' title='bbox 871 916 1017 974; x_wconf 87' lang='lat' dir='ltr'>itinerum</span> <span class='ocrx_word' id='word_1_54' title='bbox 1030 926 1064 974; x_wconf 89' lang='lat' dir='ltr'>et</span> <span class='ocrx_word' id='word_1_55' title='bbox 1078 916 1147 972; x_wconf 86' lang='lat' dir='ltr'>alti·</span> 
     </span>
     <span class='ocr_line' id='line_1_9' title="bbox 192 1013 1148 1090; baseline -0.003 -17"><span class='ocrx_word' id='word_1_56' title='bbox 192 1014 272 1073; x_wconf 90' lang='lat' dir='ltr'>tudo</span> <span class='ocrx_word' id='word_1_57' title='bbox 289 1026 445 1072; x_wconf 87' lang='lat' dir='ltr'>tectomm</span> <span class='ocrx_word' id='word_1_58' title='bbox 460 1033 523 1072; x_wconf 90' lang='lat' dir='ltr'>non</span> <span class='ocrx_word' id='word_1_59' title='bbox 537 1013 666 1090; x_wconf 79' lang='lat' dir='ltr'>perinde</span> <span class='ocrx_word' id='word_1_60' title='bbox 686 1014 761 1071; x_wconf 82' lang='lat' dir='ltr'>solis</span> <span class='ocrx_word' id='word_1_61' title='bbox 779 1032 896 1089; x_wconf 73' lang='lat' dir='ltr'>vapore</span> <span class='ocrx_word' id='word_1_62' title='bbox 915 1031 1148 1090; x_wconf 81' lang='lat' dir='ltr'>perrumperen-</span> 
     </span>
     <span class='ocr_line' id='line_1_10' title="bbox 192 1108 1147 1186; baseline -0.002 -17"><span class='ocrx_word' id='word_1_63' title='bbox 192 1122 254 1169; x_wconf 85' lang='lat' dir='ltr'>tur.</span> <span class='ocrx_word' id='word_1_64' title='bbox 261 1121 292 1167; x_wconf 82' lang='lat' dir='ltr'>ut</span> <span class='ocrx_word' id='word_1_65' title='bbox 300 1129 383 1167; x_wconf 90' lang='lat' dir='ltr'>nunc</span> <span class='ocrx_word' id='word_1_66' title='bbox 391 1109 528 1186; x_wconf 90' lang='lat' dir='ltr'>patulam</span> <span class='ocrx_word' id='word_1_67' title='bbox 535 1109 772 1168; x_wconf 83' lang='lat' dir='ltr'>latitudinemet</span> <span class='ocrx_word' id='word_1_68' title='bbox 779 1108 865 1167; x_wconf 84' lang='lat' dir='ltr'>nulla</span> <span class='ocrx_word' id='word_1_69' title='bbox 872 1108 1147 1167; x_wconf 81' lang='lat' dir='ltr'>umbradet&#39;ensam</span> 
     </span>
    </p>

    <p class='ocr_par' dir='ltr' id='par_1_3' title="bbox 139 1203 1158 3506">
     <span class='ocr_line' id='line_1_11' title="bbox 139 1203 624 1283; baseline -0.006 -19"><span class='ocrx_word' id='word_1_70' title='bbox 139 1219 173 1264; x_wconf 77' lang='lat'>25</span> <span class='ocrx_word' id='word_1_71' title='bbox 191 1203 336 1283; x_wconf 77' lang='lat' dir='ltr'>graviore</span> <span class='ocrx_word' id='word_1_72' title='bbox 350 1216 438 1261; x_wconf 80' lang='lat' dir='ltr'>aestu</span> <span class='ocrx_word' id='word_1_73' title='bbox 452 1203 624 1261; x_wconf 75' lang='lat' dir='ltr'>ardescere.</span> 
     </span>
     <span class='ocr_line' id='line_1_12' title="bbox 233 1298 1147 1377; baseline 0 -19"><span class='ocrx_word' id='word_1_74' title='bbox 233 1303 284 1359; x_wconf 75' lang='lat'>44.</span> <span class='ocrx_word' id='word_1_75' title='bbox 311 1299 355 1359; x_wconf 87' lang='lat' dir='ltr'>Et</span> <span class='ocrx_word' id='word_1_76' title='bbox 365 1301 442 1358; x_wconf 89' lang='lat' dir='ltr'>baec</span> <span class='ocrx_word' id='word_1_77' title='bbox 453 1300 579 1377; x_wconf 88' lang='lat' dir='ltr'>quidem</span> <span class='ocrx_word' id='word_1_78' title='bbox 592 1300 735 1358; x_wconf 86' lang='lat' dir='ltr'>humanis</span> <span class='ocrx_word' id='word_1_79' title='bbox 748 1299 884 1358; x_wconf 76' lang='lat' dir='ltr'>consiliis</span> <span class='ocrx_word' id='word_1_80' title='bbox 892 1298 1147 1377; x_wconf 74' lang='lat' dir='ltr'>providebantur.</span> 
     </span>
     <span class='ocr_line' id='line_1_13' title="bbox 194 1395 1149 1475; baseline -0.002 -19"><span class='ocrx_word' id='word_1_81' title='bbox 194 1397 273 1456; x_wconf 78' lang='lat' dir='ltr'>Mox</span> <span class='ocrx_word' id='word_1_82' title='bbox 287 1397 387 1475; x_wconf 87' lang='lat' dir='ltr'>petita</span> <span class='ocrx_word' id='word_1_83' title='bbox 400 1416 420 1454; x_wconf 87' lang='lat' dir='ltr'>a</span> <span class='ocrx_word' id='word_1_84' title='bbox 433 1396 482 1455; x_wconf 85' lang='lat' dir='ltr'>dis</span> <span class='ocrx_word' id='word_1_85' title='bbox 494 1397 616 1475; x_wconf 86' lang='lat' dir='ltr'>piacula</span> <span class='ocrx_word' id='word_1_86' title='bbox 629 1397 768 1474; x_wconf 87' lang='lat' dir='ltr'>aditique</span> <span class='ocrx_word' id='word_1_87' title='bbox 783 1395 922 1473; x_wconf 73' lang='lat' dir='ltr'>Sibyllae</span> <span class='ocrx_word' id='word_1_88' title='bbox 935 1396 1014 1467; x_wconf 75' lang='lat' dir='ltr'>libri,</span> <span class='ocrx_word' id='word_1_89' title='bbox 1027 1415 1068 1454; x_wconf 85' lang='lat' dir='ltr'>ex</span> <span class='ocrx_word' id='word_1_90' title='bbox 1080 1398 1149 1475; x_wconf 89' lang='lat' dir='ltr'>qui·</span> 
     </span>
     <span class='ocr_line' id='line_1_14' title="bbox 194 1491 1149 1570; baseline -0.001 -18"><span class='ocrx_word' id='word_1_91' title='bbox 194 1495 254 1552; x_wconf 80' lang='lat' dir='ltr'>bus</span> <span class='ocrx_word' id='word_1_92' title='bbox 272 1492 480 1570; x_wconf 74' lang='lat' dir='ltr'>supplicatum</span> <span class='ocrx_word' id='word_1_93' title='bbox 495 1491 638 1551; x_wconf 75' lang='lat' dir='ltr'>Volcano</span> <span class='ocrx_word' id='word_1_94' title='bbox 657 1506 690 1551; x_wconf 91' lang='lat' dir='ltr'>et</span> <span class='ocrx_word' id='word_1_95' title='bbox 705 1491 809 1551; x_wconf 83' lang='lat' dir='ltr'>Cereri</span> <span class='ocrx_word' id='word_1_96' title='bbox 823 1491 1098 1570; x_wconf 73' lang='lat' dir='ltr'>Pnnerpinaeque,</span> <span class='ocrx_word' id='word_1_97' title='bbox 1110 1512 1149 1551; x_wconf 83' lang='lat' dir='ltr'>ac</span> 
     </span>
     <span class='ocr_line' id='line_1_15' title="bbox 195 1588 1149 1668; baseline -0.002 -21"><span class='ocrx_word' id='word_1_98' title='bbox 195 1591 364 1668; x_wconf 87' lang='lat' dir='ltr'>propitiata</span> <span class='ocrx_word' id='word_1_99' title='bbox 384 1589 470 1649; x_wconf 91' lang='lat' dir='ltr'>Jnno</span> <span class='ocrx_word' id='word_1_100' title='bbox 496 1609 552 1666; x_wconf 89' lang='lat' dir='ltr'>per</span> <span class='ocrx_word' id='word_1_101' title='bbox 578 1602 747 1659; x_wconf 80' lang='lat' dir='ltr'>matronas,</span> <span class='ocrx_word' id='word_1_102' title='bbox 765 1589 899 1665; x_wconf 86' lang='lat' dir='ltr'>primum</span> <span class='ocrx_word' id='word_1_103' title='bbox 926 1588 960 1646; x_wconf 90' lang='lat' dir='ltr'>in</span> <span class='ocrx_word' id='word_1_104' title='bbox 979 1588 1149 1665; x_wconf 81' lang='lat' dir='ltr'>Capitulio,</span> 
     </span>
     <span class='ocr_line' id='line_1_16' title="bbox 140 1684 1150 1764; baseline -0.002 -19"><span class='ocrx_word' id='word_1_105' title='bbox 140 1703 158 1745; x_wconf 78' lang='lat'>5</span> <span class='ocrx_word' id='word_1_106' title='bbox 194 1687 308 1744; x_wconf 91' lang='lat' dir='ltr'>deiude</span> <span class='ocrx_word' id='word_1_107' title='bbox 327 1686 409 1763; x_wconf 88' lang='lat' dir='ltr'>apud</span> <span class='ocrx_word' id='word_1_108' title='bbox 428 1686 605 1764; x_wconf 84' lang='lat' dir='ltr'>proximum</span> <span class='ocrx_word' id='word_1_109' title='bbox 624 1704 720 1756; x_wconf 88' lang='lat' dir='ltr'>mare,</span> <span class='ocrx_word' id='word_1_110' title='bbox 735 1684 819 1743; x_wconf 85' lang='lat' dir='ltr'>unde</span> <span class='ocrx_word' id='word_1_111' title='bbox 839 1685 951 1742; x_wconf 84' lang='lat' dir='ltr'>hausta</span> <span class='ocrx_word' id='word_1_112' title='bbox 969 1703 1051 1762; x_wconf 88' lang='lat' dir='ltr'>aqua</span> <span class='ocrx_word' id='word_1_113' title='bbox 1069 1698 1150 1743; x_wconf 88' lang='lat' dir='ltr'>tem-</span> 
     </span>
     <span class='ocr_line' id='line_1_17' title="bbox 194 1782 1149 1863; baseline -0.002 -21"><span class='ocrx_word' id='word_1_114' title='bbox 194 1785 279 1863; x_wconf 91' lang='lat' dir='ltr'>plum</span> <span class='ocrx_word' id='word_1_115' title='bbox 291 1797 323 1842; x_wconf 90' lang='lat' dir='ltr'>et</span> <span class='ocrx_word' id='word_1_116' title='bbox 334 1783 529 1841; x_wconf 86' lang='lat' dir='ltr'>simulacrum</span> <span class='ocrx_word' id='word_1_117' title='bbox 541 1783 620 1840; x_wconf 88' lang='lat' dir='ltr'>deae</span> <span class='ocrx_word' id='word_1_118' title='bbox 630 1801 826 1860; x_wconf 77' lang='lat' dir='ltr'>perspersum</span> <span class='ocrx_word' id='word_1_119' title='bbox 836 1793 904 1853; x_wconf 82' lang='lat' dir='ltr'>est3</span> <span class='ocrx_word' id='word_1_120' title='bbox 916 1794 949 1840; x_wconf 88' lang='lat' dir='ltr'>et</span> <span class='ocrx_word' id='word_1_121' title='bbox 962 1782 1149 1840; x_wconf 79' lang='lat' dir='ltr'>sellisternia</span> 
     </span>
     <span class='ocr_line' id='line_1_18' title="bbox 195 1877 1148 1958; baseline -0.001 -20"><span class='ocrx_word' id='word_1_122' title='bbox 195 1901 232 1939; x_wconf 92' lang='lat' dir='ltr'>ac</span> <span class='ocrx_word' id='word_1_123' title='bbox 246 1880 408 1958; x_wconf 54' lang='lat' dir='ltr'>pert&#39;im&#39;lia</span> <span class='ocrx_word' id='word_1_124' title='bbox 429 1880 623 1938; x_wconf 77' lang='lat' dir='ltr'>celebravere</span> <span class='ocrx_word' id='word_1_125' title='bbox 643 1880 775 1937; x_wconf 82' lang='lat' dir='ltr'>feminae</span> <span class='ocrx_word' id='word_1_126' title='bbox 789 1877 902 1956; x_wconf 78' lang='lat' dir='ltr'>quibua</span> <span class='ocrx_word' id='word_1_127' title='bbox 920 1877 1026 1936; x_wconf 85' lang='lat' dir='ltr'>mariti</span> <span class='ocrx_word' id='word_1_128' title='bbox 1045 1890 1148 1937; x_wconf 86' lang='lat' dir='ltr'>erant.</span> 
     </span>
     <span class='ocr_line' id='line_1_19' title="bbox 196 1975 1150 2054; baseline 0 -19"><span class='ocrx_word' id='word_1_129' title='bbox 196 1977 260 2035; x_wconf 82' lang='lat' dir='ltr'>Sed</span> <span class='ocrx_word' id='word_1_130' title='bbox 281 1998 344 2035; x_wconf 92' lang='lat' dir='ltr'>non</span> <span class='ocrx_word' id='word_1_131' title='bbox 366 1997 424 2054; x_wconf 88' lang='lat' dir='ltr'>ope</span> <span class='ocrx_word' id='word_1_132' title='bbox 445 1978 588 2035; x_wconf 85' lang='lat' dir='ltr'>humana.</span> <span class='ocrx_word' id='word_1_133' title='bbox 602 1997 664 2034; x_wconf 93' lang='lat' dir='ltr'>nou</span> <span class='ocrx_word' id='word_1_134' title='bbox 687 1975 904 2053; x_wconf 73' lang='lat' dir='ltr'>largitionibus</span> <span class='ocrx_word' id='word_1_135' title='bbox 924 1975 1073 2052; x_wconf 83' lang='lat' dir='ltr'>principis</span> <span class='ocrx_word' id='word_1_136' title='bbox 1091 1988 1150 2035; x_wconf 84' lang='lat' dir='ltr'>aut</span> 
     </span>
     <span class='ocr_line' id='line_1_20' title="bbox 194 2072 1151 2152; baseline -0.003 -20"><span class='ocrx_word' id='word_1_137' title='bbox 194 2075 289 2132; x_wconf 90' lang='lat' dir='ltr'>deum</span> <span class='ocrx_word' id='word_1_138' title='bbox 304 2073 506 2152; x_wconf 81' lang='lat' dir='ltr'>placamentis</span> <span class='ocrx_word' id='word_1_139' title='bbox 524 2073 695 2131; x_wconf 85' lang='lat' dir='ltr'>decedebat</span> <span class='ocrx_word' id='word_1_140' title='bbox 715 2072 854 2143; x_wconf 59' lang='lat' dir='ltr'>infamia</span> <span class='ocrx_word' id='word_1_141' title='bbox 868 2072 943 2151; x_wconf 87' lang='lat' dir='ltr'>quin</span> <span class='ocrx_word' id='word_1_142' title='bbox 962 2073 1084 2150; x_wconf 81' lang='lat' dir='ltr'>jussum</span> <span class='ocrx_word' id='word_1_143' title='bbox 1103 2074 1151 2130; x_wconf 87' lang='lat' dir='ltr'>in-</span> 
     </span>
     <span class='ocr_line' id='line_1_21' title="bbox 142 2168 1152 2248; baseline -0.002 -18"><span class='ocrx_word' id='word_1_144' title='bbox 142 2186 174 2230; x_wconf 84' lang='grc' dir='ltr'>ιο</span> <span class='ocrx_word' id='word_1_145' title='bbox 194 2171 339 2229; x_wconf 82' lang='lat' dir='ltr'>cendium</span> <span class='ocrx_word' id='word_1_146' title='bbox 354 2170 540 2229; x_wconf 86' lang='lat' dir='ltr'>crederetur.</span> <span class='ocrx_word' id='word_1_147' title='bbox 581 2169 667 2248; x_wconf 81' lang='lat' dir='ltr'>Ergo</span> <span class='ocrx_word' id='word_1_148' title='bbox 680 2169 834 2228; x_wconf 88' lang='lat' dir='ltr'>abolendo</span> <span class='ocrx_word' id='word_1_149' title='bbox 847 2169 964 2227; x_wconf 89' lang='lat' dir='ltr'>rumori</span> <span class='ocrx_word' id='word_1_150' title='bbox 977 2168 1065 2227; x_wconf 72' lang='lat' dir='ltr'>Nero</span> <span class='ocrx_word' id='word_1_151' title='bbox 1078 2171 1152 2228; x_wconf 84' lang='lat' dir='ltr'>sub-</span> 
     </span>
     <span class='ocr_line' id='line_1_22' title="bbox 195 2265 1152 2346; baseline -0.001 -21"><span class='ocrx_word' id='word_1_152' title='bbox 195 2268 277 2327; x_wconf 89' lang='lat' dir='ltr'>didit</span> <span class='ocrx_word' id='word_1_153' title='bbox 305 2288 374 2326; x_wconf 82' lang='lat' dir='ltr'>reos</span> <span class='ocrx_word' id='word_1_154' title='bbox 401 2279 433 2326; x_wconf 88' lang='lat' dir='ltr'>et</span> <span class='ocrx_word' id='word_1_155' title='bbox 462 2267 693 2346; x_wconf 76' lang='lat' dir='ltr'>quaesitissimis</span> <span class='ocrx_word' id='word_1_156' title='bbox 720 2267 829 2344; x_wconf 81' lang='lat' dir='ltr'>poenis</span> <span class='ocrx_word' id='word_1_157' title='bbox 854 2265 968 2337; x_wconf 77' lang='lat' dir='ltr'>affecit,</span> <span class='ocrx_word' id='word_1_158' title='bbox 990 2285 1070 2345; x_wconf 80' lang='lat' dir='ltr'>quoa</span> <span class='ocrx_word' id='word_1_159' title='bbox 1091 2286 1152 2344; x_wconf 87' lang='lat' dir='ltr'>per</span> 
     </span>
     <span class='ocr_line' id='line_1_23' title="bbox 195 2363 1153 2444; baseline -0.002 -20"><span class='ocrx_word' id='word_1_160' title='bbox 195 2366 312 2444; x_wconf 75' lang='lat' dir='ltr'>flagitia</span> <span class='ocrx_word' id='word_1_161' title='bbox 330 2367 446 2424; x_wconf 80' lang='lat' dir='ltr'>inrisos</span> <span class='ocrx_word' id='word_1_162' title='bbox 460 2367 572 2444; x_wconf 71' lang='lat' dir='ltr'>vulgus</span> <span class='ocrx_word' id='word_1_163' title='bbox 586 2366 779 2424; x_wconf 78' lang='lat' dir='ltr'>(bristianos</span> <span class='ocrx_word' id='word_1_164' title='bbox 799 2363 985 2442; x_wconf 81' lang='lat' dir='ltr'>appellabat.</span> <span class='ocrx_word' id='word_1_165' title='bbox 1023 2366 1153 2422; x_wconf 72' lang='lat' dir='ltr'>Auctor</span> 
     </span>
     <span class='ocr_line' id='line_1_24' title="bbox 196 2462 1153 2541; baseline -0.003 -18"><span class='ocrx_word' id='word_1_166' title='bbox 196 2464 331 2523; x_wconf 83' lang='lat' dir='ltr'>nominis</span> <span class='ocrx_word' id='word_1_167' title='bbox 344 2464 410 2541; x_wconf 85' lang='lat' dir='ltr'>ejus</span> <span class='ocrx_word' id='word_1_168' title='bbox 424 2464 565 2524; x_wconf 78' lang='lat' dir='ltr'>Christus</span> <span class='ocrx_word' id='word_1_169' title='bbox 579 2463 706 2521; x_wconf 71' lang='lat' dir='ltr'>&#39;liberio</span> <span class='ocrx_word' id='word_1_170' title='bbox 726 2462 924 2540; x_wconf 84' lang='lat' dir='ltr'>imperitante</span> <span class='ocrx_word' id='word_1_171' title='bbox 935 2481 993 2540; x_wconf 86' lang='lat' dir='ltr'>per</span> <span class='ocrx_word' id='word_1_172' title='bbox 1004 2481 1153 2540; x_wconf 75' lang='lat' dir='ltr'>procura-</span> 
     </span>
     <span class='ocr_line' id='line_1_25' title="bbox 195 2559 1152 2637; baseline -0.002 -18"><span class='ocrx_word' id='word_1_173' title='bbox 195 2573 295 2620; x_wconf 81' lang='lat' dir='ltr'>torem</span> <span class='ocrx_word' id='word_1_174' title='bbox 309 2561 456 2619; x_wconf 86' lang='lat' dir='ltr'>Pontium</span> <span class='ocrx_word' id='word_1_175' title='bbox 470 2561 604 2618; x_wconf 87' lang='lat' dir='ltr'>Pilatum</span> <span class='ocrx_word' id='word_1_176' title='bbox 620 2559 772 2637; x_wconf 86' lang='lat' dir='ltr'>supplicio</span> <span class='ocrx_word' id='word_1_177' title='bbox 785 2559 918 2617; x_wconf 80' lang='lat' dir='ltr'>affectus</span> <span class='ocrx_word' id='word_1_178' title='bbox 929 2570 1017 2630; x_wconf 81' lang='lat' dir='ltr'>erat3</span> <span class='ocrx_word' id='word_1_179' title='bbox 1029 2578 1152 2636; x_wconf 68' lang='lat' dir='ltr'>repres-</span> 
     </span>
     <span class='ocr_line' id='line_1_26' title="bbox 143 2655 1153 2736; baseline -0.006 -18"><span class='ocrx_word' id='word_1_180' title='bbox 143 2672 175 2718; x_wconf 78' lang='lat'>15</span> <span class='ocrx_word' id='word_1_181' title='bbox 195 2677 290 2736; x_wconf 79' lang='lat' dir='ltr'>saque</span> <span class='ocrx_word' id='word_1_182' title='bbox 311 2658 342 2714; x_wconf 89' lang='lat' dir='ltr'>iu</span> <span class='ocrx_word' id='word_1_183' title='bbox 364 2677 508 2735; x_wconf 76' lang='lat' dir='ltr'>praesens</span> <span class='ocrx_word' id='word_1_184' title='bbox 523 2656 689 2714; x_wconf 79' lang='lat' dir='ltr'>exitiabilis</span> <span class='ocrx_word' id='word_1_185' title='bbox 709 2655 889 2734; x_wconf 78' lang='lat' dir='ltr'>superstitio</span> <span class='ocrx_word' id='word_1_186' title='bbox 907 2674 1029 2714; x_wconf 85' lang='lat' dir='ltr'>rursum</span> <span class='ocrx_word' id='word_1_187' title='bbox 1048 2675 1153 2712; x_wconf 85' lang='lat' dir='ltr'>erum-</span> 
     </span>
     <span class='ocr_line' id='line_1_27' title="bbox 196 2751 1152 2831; baseline -0.003 -18"><span class='ocrx_word' id='word_1_188' title='bbox 196 2755 298 2831; x_wconf 84' lang='lat' dir='ltr'>pebat.</span> <span class='ocrx_word' id='word_1_189' title='bbox 314 2774 375 2811; x_wconf 86' lang='lat' dir='ltr'>non</span> <span class='ocrx_word' id='word_1_190' title='bbox 390 2753 484 2811; x_wconf 81' lang='lat' dir='ltr'>molo</span> <span class='ocrx_word' id='word_1_191' title='bbox 505 2773 561 2830; x_wconf 91' lang='lat' dir='ltr'>per</span> <span class='ocrx_word' id='word_1_192' title='bbox 571 2752 734 2822; x_wconf 86' lang='lat' dir='ltr'>Judaeum,</span> <span class='ocrx_word' id='word_1_193' title='bbox 748 2752 900 2829; x_wconf 79' lang='lat' dir='ltr'>originem</span> <span class='ocrx_word' id='word_1_194' title='bbox 914 2752 981 2830; x_wconf 80' lang='lat' dir='ltr'>ejus</span> <span class='ocrx_word' id='word_1_195' title='bbox 994 2751 1078 2813; x_wconf 85' lang='lat' dir='ltr'>mali.</span> <span class='ocrx_word' id='word_1_196' title='bbox 1090 2752 1152 2810; x_wconf 84' lang='lat' dir='ltr'>sed</span> 
     </span>
     <span class='ocr_line' id='line_1_28' title="bbox 196 2847 1153 2929; baseline 0 -21"><span class='ocrx_word' id='word_1_197' title='bbox 196 2870 252 2929; x_wconf 89' lang='lat' dir='ltr'>per</span> <span class='ocrx_word' id='word_1_198' title='bbox 279 2851 387 2909; x_wconf 85' lang='lat' dir='ltr'>urbem</span> <span class='ocrx_word' id='word_1_199' title='bbox 415 2851 521 2920; x_wconf 83' lang='lat' dir='ltr'>etiam,</span> <span class='ocrx_word' id='word_1_200' title='bbox 548 2869 611 2928; x_wconf 87' lang='lat' dir='ltr'>quo</span> <span class='ocrx_word' id='word_1_201' title='bbox 636 2863 750 2907; x_wconf 86' lang='lat' dir='ltr'>cuncta</span> <span class='ocrx_word' id='word_1_202' title='bbox 782 2849 920 2927; x_wconf 87' lang='lat' dir='ltr'>undique</span> <span class='ocrx_word' id='word_1_203' title='bbox 947 2847 1067 2907; x_wconf 85' lang='lat' dir='ltr'>atrocia</span> <span class='ocrx_word' id='word_1_204' title='bbox 1093 2855 1153 2908; x_wconf 78' lang='lat' dir='ltr'>aut</span> 
     </span>
     <span class='ocr_line' id='line_1_29' title="bbox 196 2943 1154 3026; baseline -0.002 -21"><span class='ocrx_word' id='word_1_205' title='bbox 196 2948 343 3026; x_wconf 86' lang='lat' dir='ltr'>pudenda</span> <span class='ocrx_word' id='word_1_206' title='bbox 357 2946 517 3005; x_wconf 83' lang='lat' dir='ltr'>confluunt</span> <span class='ocrx_word' id='word_1_207' title='bbox 531 2946 798 3020; x_wconf 81' lang='lat' dir='ltr'>celebmnturque.</span> <span class='ocrx_word' id='word_1_208' title='bbox 825 2943 928 3023; x_wconf 78' lang='lat' dir='ltr'>Igitur</span> <span class='ocrx_word' id='word_1_209' title='bbox 940 2944 1074 3022; x_wconf 86' lang='lat' dir='ltr'>primum</span> <span class='ocrx_word' id='word_1_210' title='bbox 1084 2965 1154 3003; x_wconf 82' lang='lat' dir='ltr'>cor·</span> 
     </span>
     <span class='ocr_line' id='line_1_30' title="bbox 197 3040 1155 3122; baseline -0.001 -21"><span class='ocrx_word' id='word_1_211' title='bbox 197 3044 278 3122; x_wconf 88' lang='lat' dir='ltr'>repti</span> <span class='ocrx_word' id='word_1_212' title='bbox 299 3045 352 3122; x_wconf 90' lang='lat' dir='ltr'>qni</span> <span class='ocrx_word' id='word_1_213' title='bbox 373 3043 558 3101; x_wconf 81' lang='lat' dir='ltr'>fatebantur.</span> <span class='ocrx_word' id='word_1_214' title='bbox 578 3041 693 3099; x_wconf 87' lang='lat' dir='ltr'>deinde</span> <span class='ocrx_word' id='word_1_215' title='bbox 714 3040 831 3099; x_wconf 88' lang='lat' dir='ltr'>indicio</span> <span class='ocrx_word' id='word_1_216' title='bbox 850 3060 958 3098; x_wconf 89' lang='lat' dir='ltr'>eorum</span> <span class='ocrx_word' id='word_1_217' title='bbox 977 3041 1155 3100; x_wconf 83' lang='lat' dir='ltr'>multitudo</span> 
     </span>
     <span class='ocr_line' id='line_1_31' title="bbox 143 3136 1154 3218; baseline 0 -20"><span class='ocrx_word' id='word_1_218' title='bbox 143 3154 176 3200; x_wconf 80' lang='lat' dir='ltr'>au</span> <span class='ocrx_word' id='word_1_219' title='bbox 197 3141 307 3218; x_wconf 78' lang='lat' dir='ltr'>iugens</span> <span class='ocrx_word' id='word_1_220' title='bbox 327 3139 411 3197; x_wconf 89' lang='lat' dir='ltr'>hand</span> <span class='ocrx_word' id='word_1_221' title='bbox 436 3139 564 3216; x_wconf 87' lang='lat' dir='ltr'>perinde</span> <span class='ocrx_word' id='word_1_222' title='bbox 590 3139 623 3196; x_wconf 89' lang='lat' dir='ltr'>iu</span> <span class='ocrx_word' id='word_1_223' title='bbox 647 3137 775 3196; x_wconf 79' lang='lat' dir='ltr'>crintine</span> <span class='ocrx_word' id='word_1_224' title='bbox 798 3136 935 3196; x_wconf 83' lang='lat' dir='ltr'>incendii</span> <span class='ocrx_word' id='word_1_225' title='bbox 955 3156 1051 3215; x_wconf 82' lang='lat' dir='ltr'>qnam</span> <span class='ocrx_word' id='word_1_226' title='bbox 1073 3138 1154 3199; x_wconf 87' lang='lat' dir='ltr'>odio</span> 
     </span>
     <span class='ocr_line' id='line_1_32' title="bbox 198 3232 1157 3313; baseline 0 -20"><span class='ocrx_word' id='word_1_227' title='bbox 198 3236 325 3293; x_wconf 89' lang='lat' dir='ltr'>humani</span> <span class='ocrx_word' id='word_1_228' title='bbox 339 3235 462 3313; x_wconf 76' lang='lat' dir='ltr'>generis</span> <span class='ocrx_word' id='word_1_229' title='bbox 476 3234 612 3292; x_wconf 64' lang='lat' dir='ltr'>conuicti</span> <span class='ocrx_word' id='word_1_230' title='bbox 629 3246 712 3292; x_wconf 85' lang='lat' dir='ltr'>sunt.</span> <span class='ocrx_word' id='word_1_231' title='bbox 753 3232 797 3291; x_wconf 89' lang='lat' dir='ltr'>Et</span> <span class='ocrx_word' id='word_1_232' title='bbox 817 3233 1020 3311; x_wconf 76' lang='lat' dir='ltr'>pereuntibus</span> <span class='ocrx_word' id='word_1_233' title='bbox 1039 3233 1157 3295; x_wconf 73' lang='lat' dir='ltr'>addita</span> 
     </span>
     <span class='ocr_line' id='line_1_33' title="bbox 198 3331 1158 3408; baseline 0.002 -18"><span class='ocrx_word' id='word_1_234' title='bbox 198 3333 341 3404; x_wconf 82' lang='lat' dir='ltr'>ludibria,</span> <span class='ocrx_word' id='word_1_235' title='bbox 355 3346 389 3390; x_wconf 91' lang='lat' dir='ltr'>ut</span> <span class='ocrx_word' id='word_1_236' title='bbox 405 3332 541 3389; x_wconf 79' lang='lat' dir='ltr'>ferarum</span> <span class='ocrx_word' id='word_1_237' title='bbox 561 3331 659 3408; x_wconf 70' lang='lat' dir='ltr'>tergis</span> <span class='ocrx_word' id='word_1_238' title='bbox 678 3331 813 3389; x_wconf 87' lang='lat' dir='ltr'>contecti</span> <span class='ocrx_word' id='word_1_239' title='bbox 835 3331 952 3390; x_wconf 86' lang='lat' dir='ltr'>laniatu</span> <span class='ocrx_word' id='word_1_240' title='bbox 971 3349 1088 3390; x_wconf 78' lang='lat' dir='ltr'>canum</span> <span class='ocrx_word' id='word_1_241' title='bbox 1107 3332 1158 3392; x_wconf 84' lang='lat' dir='ltr'>in-</span> 
     </span>
     <span class='ocr_line' id='line_1_34' title="bbox 199 3427 1158 3506; baseline 0.001 -18"><span class='ocrx_word' id='word_1_242' title='bbox 199 3429 339 3501; x_wconf 84' lang='lat' dir='ltr'>terirent,</span> <span class='ocrx_word' id='word_1_243' title='bbox 353 3439 406 3487; x_wconf 89' lang='lat' dir='ltr'>aut</span> <span class='ocrx_word' id='word_1_244' title='bbox 425 3427 568 3486; x_wconf 87' lang='lat' dir='ltr'>crucibus</span> <span class='ocrx_word' id='word_1_245' title='bbox 587 3428 678 3500; x_wconf 82' lang='lat' dir='ltr'>affixi,</span> <span class='ocrx_word' id='word_1_246' title='bbox 699 3438 752 3486; x_wconf 90' lang='lat' dir='ltr'>aut</span> <span class='ocrx_word' id='word_1_247' title='bbox 772 3427 962 3499; x_wconf 80' lang='lat' dir='ltr'>dammandi,</span> <span class='ocrx_word' id='word_1_248' title='bbox 980 3438 1079 3506; x_wconf 82' lang='lat' dir='ltr'>atque</span> <span class='ocrx_word' id='word_1_249' title='bbox 1097 3431 1158 3492; x_wconf 79' lang='lat' dir='ltr'>nln&#39;</span> 
     </span>
    </p>
   </div>
   <div class='ocr_carea' id='block_1_3' title="bbox 0 0 1306 3944">
    <p class='ocr_par' dir='ltr' id='par_1_4' title="bbox 0 0 1306 3944">
     <span class='ocr_line' id='line_1_35' title="bbox 0 0 1306 3944; baseline 0 0"><span class='ocrx_word' id='word_1_250' title='bbox 0 0 1306 3944; x_wconf 95' lang='lat' dir='ltr'> </span> 
     </span>
    </p>
   </div>
  </div>
 </body>
</html>
