<?xml version="1.0" encoding="UTF-8"?>
<!DOCTYPE html PUBLIC "-//W3C//DTD XHTML 1.0 Transitional//EN"
    "http://www.w3.org/TR/xhtml1/DTD/xhtml1-transitional.dtd">
<html xmlns="http://www.w3.org/1999/xhtml" xml:lang="en" lang="en">
 <head>
  <title>
</title>
<meta http-equiv="Content-Type" content="text/html;charset=utf-8" />
  <meta name='ocr-system' content='tesseract 3.04.00' />
  <meta name='ocr-capabilities' content='ocr_page ocr_carea ocr_par ocr_line ocrx_word'/>
</head>
<body>
  <div class='ocr_page' id='page_1' title='image "./selectionsfromt00chamgoog_0146.png"; bbox 0 0 2580 3944; ppageno 0'>
   <div class='ocr_carea' id='block_1_1' title="bbox 339 145 1146 214">
    <p class='ocr_par' dir='ltr' id='par_1_1' title="bbox 339 145 1146 214">
     <span class='ocr_line' id='line_1_1' title="bbox 339 145 1146 214; baseline 0.006 -5"><span class='ocrx_word' id='word_1_1' title='bbox 339 159 600 210; x_wconf 79' lang='lat' dir='ltr'>nrsroamamr</span> <span class='ocrx_word' id='word_1_2' title='bbox 615 159 732 208; x_wconf 68' lang='lat' dir='ltr'>vmarra</span> <span class='ocrx_word' id='word_1_3' title='bbox 754 159 922 209; x_wconf 79' lang='lat' dir='ltr'>ruamus.</span> <span class='ocrx_word' id='word_1_4' title='bbox 1080 145 1146 214; x_wconf 80' lang='grc'>131</span> 
     </span>
    </p>
   </div>
   <div class='ocr_carea' id='block_1_2' title="bbox 140 316 1186 3477">
    <p class='ocr_par' dir='ltr' id='par_1_2' title="bbox 140 316 1186 2590">
     <span class='ocr_line' id='line_1_2' title="bbox 142 316 1141 397; baseline -0.003 -17"><span class='ocrx_word' id='word_1_5' title='bbox 142 321 228 381; x_wconf 90' lang='lat' dir='ltr'>nullo</span> <span class='ocrx_word' id='word_1_6' title='bbox 256 328 387 380; x_wconf 86' lang='lat' dir='ltr'>externo</span> <span class='ocrx_word' id='word_1_7' title='bbox 411 318 511 391; x_wconf 81' lang='lat' dir='ltr'>hoste,</span> <span class='ocrx_word' id='word_1_8' title='bbox 532 316 733 397; x_wconf 63' lang='lat' dir='ltr'>propitiissi</span> <span class='ocrx_word' id='word_1_9' title='bbox 760 336 823 396; x_wconf 84' lang='lat' dir='ltr'>per.</span> <span class='ocrx_word' id='word_1_10' title='bbox 839 333 943 377; x_wconf 85' lang='lat' dir='ltr'>mores</span> <span class='ocrx_word' id='word_1_11' title='bbox 969 323 1093 378; x_wconf 86' lang='lat' dir='ltr'>nostros</span> <span class='ocrx_word' id='word_1_12' title='bbox 1139 344 1141 346; x_wconf 56' lang='grc'>’</span> 
     </span>
     <span class='ocr_line' id='line_1_3' title="bbox 141 413 1094 494; baseline -0.003 -17"><span class='ocrx_word' id='word_1_13' title='bbox 141 419 259 489; x_wconf 85' lang='lat' dir='ltr'>liceret,</span> <span class='ocrx_word' id='word_1_14' title='bbox 275 416 350 487; x_wconf 87' lang='lat' dir='ltr'>deis,</span> <span class='ocrx_word' id='word_1_15' title='bbox 365 415 471 474; x_wconf 90' lang='lat' dir='ltr'>sedem</span> <span class='ocrx_word' id='word_1_16' title='bbox 491 413 581 474; x_wconf 83' lang='lat' dir='ltr'>Jovis</span> <span class='ocrx_word' id='word_1_17' title='bbox 603 414 723 492; x_wconf 87' lang='lat' dir='ltr'>Optimi</span> <span class='ocrx_word' id='word_1_18' title='bbox 743 413 874 473; x_wconf 87' lang='lat' dir='ltr'>Maximi</span> <span class='ocrx_word' id='word_1_19' title='bbox 896 414 1053 494; x_wconf 87' lang='lat' dir='ltr'>auspicato</span> <span class='ocrx_word' id='word_1_20' title='bbox 1074 433 1094 474; x_wconf 84' lang='lat' dir='ltr'>a</span> 
     </span>
     <span class='ocr_line' id='line_1_4' title="bbox 141 507 1146 592; baseline -0.002 -22"><span class='ocrx_word' id='word_1_21' title='bbox 141 512 311 592; x_wconf 83' lang='lat' dir='ltr'>majoribus</span> <span class='ocrx_word' id='word_1_22' title='bbox 333 509 446 588; x_wconf 88' lang='lat' dir='ltr'>pignus</span> <span class='ocrx_word' id='word_1_23' title='bbox 473 507 597 586; x_wconf 88' lang='lat' dir='ltr'>imperii</span> <span class='ocrx_word' id='word_1_24' title='bbox 615 508 787 581; x_wconf 81' lang='lat' dir='ltr'>conditam,</span> <span class='ocrx_word' id='word_1_25' title='bbox 812 528 906 587; x_wconf 90' lang='lat' dir='ltr'>quam</span> <span class='ocrx_word' id='word_1_26' title='bbox 929 529 992 568; x_wconf 89' lang='lat' dir='ltr'>non</span> <span class='ocrx_word' id='word_1_27' title='bbox 1018 508 1092 568; x_wconf 85' lang='lat' dir='ltr'>Por·</span> <span class='ocrx_word' id='word_1_28' title='bbox 1129 522 1146 569; x_wconf 78' lang='lat' dir='ltr'>t</span> 
     </span>
     <span class='ocr_line' id='line_1_5' title="bbox 141 603 1094 684; baseline -0.002 -17"><span class='ocrx_word' id='word_1_29' title='bbox 141 628 246 680; x_wconf 80' lang='lat' dir='ltr'>senna,</span> <span class='ocrx_word' id='word_1_30' title='bbox 261 605 369 666; x_wconf 86' lang='lat' dir='ltr'>dedita</span> <span class='ocrx_word' id='word_1_31' title='bbox 390 604 475 677; x_wconf 89' lang='lat' dir='ltr'>urbe,</span> <span class='ocrx_word' id='word_1_32' title='bbox 490 624 590 684; x_wconf 90' lang='lat' dir='ltr'>neque</span> <span class='ocrx_word' id='word_1_33' title='bbox 604 603 686 663; x_wconf 89' lang='lat' dir='ltr'>Galli</span> <span class='ocrx_word' id='word_1_34' title='bbox 701 615 793 683; x_wconf 87' lang='lat' dir='ltr'>capta</span> <span class='ocrx_word' id='word_1_35' title='bbox 806 615 957 664; x_wconf 84' lang='lat' dir='ltr'>temerare</span> <span class='ocrx_word' id='word_1_36' title='bbox 978 604 1094 684; x_wconf 81' lang='lat' dir='ltr'>potuis·</span> 
     </span>
     <span class='ocr_line' id='line_1_6' title="bbox 142 699 1094 781; baseline -0.002 -19"><span class='ocrx_word' id='word_1_37' title='bbox 142 716 220 776; x_wconf 86' lang='lat' dir='ltr'>sent,</span> <span class='ocrx_word' id='word_1_38' title='bbox 233 703 339 762; x_wconf 81' lang='lat' dir='ltr'>lurore</span> <span class='ocrx_word' id='word_1_39' title='bbox 355 700 529 781; x_wconf 80' lang='lat' dir='ltr'>principum</span> <span class='ocrx_word' id='word_1_40' title='bbox 550 699 684 759; x_wconf 83' lang='lat' dir='ltr'>excindi.</span> <span class='ocrx_word' id='word_1_41' title='bbox 724 702 856 760; x_wconf 80' lang='lat' dir='ltr'>Arserat</span> <span class='ocrx_word' id='word_1_42' title='bbox 870 710 903 760; x_wconf 93' lang='lat' dir='ltr'>et</span> <span class='ocrx_word' id='word_1_43' title='bbox 917 711 989 760; x_wconf 87' lang='lat' dir='ltr'>ante</span> <span class='ocrx_word' id='word_1_44' title='bbox 1006 700 1094 780; x_wconf 78' lang='lat' dir='ltr'>(lapi-</span> 
     </span>
     <span class='ocr_line' id='line_1_7' title="bbox 141 796 1094 875; baseline -0.003 -16"><span class='ocrx_word' id='word_1_45' title='bbox 141 800 253 860; x_wconf 91' lang='lat' dir='ltr'>tolium</span> <span class='ocrx_word' id='word_1_46' title='bbox 276 798 362 859; x_wconf 92' lang='lat' dir='ltr'>civili</span> <span class='ocrx_word' id='word_1_47' title='bbox 382 798 475 870; x_wconf 84' lang='lat' dir='ltr'>bello,</span> <span class='ocrx_word' id='word_1_48' title='bbox 500 797 556 857; x_wconf 90' lang='lat' dir='ltr'>sed</span> <span class='ocrx_word' id='word_1_49' title='bbox 579 796 690 856; x_wconf 79' lang='lat' dir='ltr'>fraude</span> <span class='ocrx_word' id='word_1_50' title='bbox 714 797 855 875; x_wconf 86' lang='lat' dir='ltr'>privata:</span> <span class='ocrx_word' id='word_1_51' title='bbox 883 816 966 856; x_wconf 91' lang='lat' dir='ltr'>nuno</span> <span class='ocrx_word' id='word_1_52' title='bbox 990 797 1094 875; x_wconf 87' lang='lat' dir='ltr'>palam</span> 
     </span>
     <span class='ocr_line' id='line_1_8' title="bbox 142 892 1092 974; baseline -0.002 -19"><span class='ocrx_word' id='word_1_53' title='bbox 142 897 308 968; x_wconf 87' lang='lat' dir='ltr'>obsessum,</span> <span class='ocrx_word' id='word_1_54' title='bbox 320 894 422 974; x_wconf 90' lang='lat' dir='ltr'>palam</span> <span class='ocrx_word' id='word_1_55' title='bbox 435 894 606 965; x_wconf 88' lang='lat' dir='ltr'>incensum,</span> <span class='ocrx_word' id='word_1_56' title='bbox 618 892 729 972; x_wconf 90' lang='lat' dir='ltr'>quibus</span> <span class='ocrx_word' id='word_1_57' title='bbox 744 912 899 952; x_wconf 92' lang='lat' dir='ltr'>armorum</span> <span class='ocrx_word' id='word_1_58' title='bbox 910 892 1017 965; x_wconf 87' lang='lat' dir='ltr'>causis,</span> <span class='ocrx_word' id='word_1_59' title='bbox 1031 912 1092 971; x_wconf 94' lang='lat' dir='ltr'>quo</span> 
     </span>
     <span class='ocr_line' id='line_1_9' title="bbox 142 987 1145 1071; baseline -0.003 -18"><span class='ocrx_word' id='word_1_60' title='bbox 142 987 247 1053; x_wconf 86' lang='lat' dir='ltr'>tantae</span> <span class='ocrx_word' id='word_1_61' title='bbox 275 993 372 1052; x_wconf 89' lang='lat' dir='ltr'>cladis</span> <span class='ocrx_word' id='word_1_62' title='bbox 401 991 527 1071; x_wconf 77' lang='lat' dir='ltr'>pretio?</span> <span class='ocrx_word' id='word_1_63' title='bbox 553 989 643 1050; x_wconf 88' lang='lat' dir='ltr'>stetit</span> <span class='ocrx_word' id='word_1_64' title='bbox 674 1009 732 1069; x_wconf 87' lang='lat' dir='ltr'>pro</span> <span class='ocrx_word' id='word_1_65' title='bbox 763 989 865 1068; x_wconf 86' lang='lat' dir='ltr'>patria</span> <span class='ocrx_word' id='word_1_66' title='bbox 898 988 1092 1049; x_wconf 81' lang='lat' dir='ltr'>bellavimus.</span> <span class='ocrx_word' id='word_1_67' title='bbox 1114 1004 1145 1050; x_wconf 88' lang='lat'>10</span> 
     </span>
     <span class='ocr_line' id='line_1_10' title="bbox 144 1084 1093 1166; baseline -0.003 -18"><span class='ocrx_word' id='word_1_68' title='bbox 144 1088 285 1148; x_wconf 85' lang='lat' dir='ltr'>Voverat</span> <span class='ocrx_word' id='word_1_69' title='bbox 293 1087 480 1166; x_wconf 85' lang='lat' dir='ltr'>Tarquinius</span> <span class='ocrx_word' id='word_1_70' title='bbox 489 1087 614 1146; x_wconf 83' lang='lat' dir='ltr'>Priscus</span> <span class='ocrx_word' id='word_1_71' title='bbox 623 1105 678 1145; x_wconf 88' lang='lat' dir='ltr'>rex</span> <span class='ocrx_word' id='word_1_72' title='bbox 687 1084 770 1145; x_wconf 92' lang='lat' dir='ltr'>bello</span> <span class='ocrx_word' id='word_1_73' title='bbox 781 1085 906 1157; x_wconf 89' lang='lat' dir='ltr'>Sabino,</span> <span class='ocrx_word' id='word_1_74' title='bbox 914 1086 1093 1165; x_wconf 72' lang='lat' dir='ltr'>ieceratque</span> 
     </span>
     <span class='ocr_line' id='line_1_11' title="bbox 141 1180 1092 1262; baseline -0.003 -19"><span class='ocrx_word' id='word_1_75' title='bbox 141 1185 353 1256; x_wconf 75' lang='lat' dir='ltr'>fundamenta,</span> <span class='ocrx_word' id='word_1_76' title='bbox 364 1203 418 1262; x_wconf 90' lang='lat' dir='ltr'>spe</span> <span class='ocrx_word' id='word_1_77' title='bbox 433 1183 531 1261; x_wconf 91' lang='lat' dir='ltr'>magis</span> <span class='ocrx_word' id='word_1_78' title='bbox 546 1181 670 1242; x_wconf 86' lang='lat' dir='ltr'>futurae</span> <span class='ocrx_word' id='word_1_79' title='bbox 681 1180 914 1260; x_wconf 82' lang='lat' dir='ltr'>magnitudinis,</span> <span class='ocrx_word' id='word_1_80' title='bbox 926 1200 1018 1259; x_wconf 91' lang='lat' dir='ltr'>quam</span> <span class='ocrx_word' id='word_1_81' title='bbox 1030 1199 1092 1258; x_wconf 93' lang='lat' dir='ltr'>quo</span> 
     </span>
     <span class='ocr_line' id='line_1_12' title="bbox 142 1275 1092 1358; baseline -0.005 -18"><span class='ocrx_word' id='word_1_82' title='bbox 142 1281 282 1340; x_wconf 88' lang='lat' dir='ltr'>modicae</span> <span class='ocrx_word' id='word_1_83' title='bbox 303 1280 405 1338; x_wconf 89' lang='lat' dir='ltr'>adhuc</span> <span class='ocrx_word' id='word_1_84' title='bbox 425 1279 533 1358; x_wconf 92' lang='lat' dir='ltr'>populi</span> <span class='ocrx_word' id='word_1_85' title='bbox 554 1277 689 1339; x_wconf 88' lang='lat' dir='ltr'>Romani</span> <span class='ocrx_word' id='word_1_86' title='bbox 717 1297 766 1336; x_wconf 88' lang='lat' dir='ltr'>res</span> <span class='ocrx_word' id='word_1_87' title='bbox 793 1277 975 1336; x_wconf 79' lang='lat' dir='ltr'>sufficerent</span> <span class='ocrx_word' id='word_1_88' title='bbox 1015 1275 1092 1335; x_wconf 87' lang='lat' dir='ltr'>Mox</span> 
     </span>
     <span class='ocr_line' id='line_1_13' title="bbox 144 1372 1093 1451; baseline -0.003 -15"><span class='ocrx_word' id='word_1_89' title='bbox 144 1377 269 1436; x_wconf 89' lang='lat' dir='ltr'>Servius</span> <span class='ocrx_word' id='word_1_90' title='bbox 303 1376 424 1435; x_wconf 85' lang='lat' dir='ltr'>Tullius</span> <span class='ocrx_word' id='word_1_91' title='bbox 458 1375 612 1450; x_wconf 87' lang='lat' dir='ltr'>sociorum</span> <span class='ocrx_word' id='word_1_92' title='bbox 646 1373 762 1446; x_wconf 86' lang='lat' dir='ltr'>studio,</span> <span class='ocrx_word' id='word_1_93' title='bbox 796 1373 869 1432; x_wconf 92' lang='lat' dir='ltr'>dein</span> <span class='ocrx_word' id='word_1_94' title='bbox 905 1372 1093 1451; x_wconf 80' lang='lat' dir='ltr'>Tarquinius</span> 
     </span>
     <span class='ocr_line' id='line_1_14' title="bbox 145 1468 1146 1551; baseline -0.003 -19"><span class='ocrx_word' id='word_1_95' title='bbox 145 1472 302 1551; x_wconf 82' lang='lat' dir='ltr'>Superbus</span> <span class='ocrx_word' id='word_1_96' title='bbox 325 1484 417 1550; x_wconf 90' lang='lat' dir='ltr'>capta</span> <span class='ocrx_word' id='word_1_97' title='bbox 439 1470 552 1530; x_wconf 83' lang='lat' dir='ltr'>Suessa</span> <span class='ocrx_word' id='word_1_98' title='bbox 567 1470 720 1530; x_wconf 55' lang='lat' dir='ltr'>,Pometia</span> <span class='ocrx_word' id='word_1_99' title='bbox 748 1469 885 1530; x_wconf 84' lang='lat' dir='ltr'>hostiurn</span> <span class='ocrx_word' id='word_1_100' title='bbox 913 1468 1019 1548; x_wconf 88' lang='lat' dir='ltr'>spoliis</span> <span class='ocrx_word' id='word_1_101' title='bbox 1046 1487 1096 1527; x_wconf 82' lang='lat' dir='ltr'>ex·</span> <span class='ocrx_word' id='word_1_102' title='bbox 1116 1483 1146 1529; x_wconf 79' lang='lat' dir='ltr'>ro</span> 
     </span>
     <span class='ocr_line' id='line_1_15' title="bbox 143 1565 1092 1647; baseline -0.002 -19"><span class='ocrx_word' id='word_1_103' title='bbox 143 1580 278 1629; x_wconf 84' lang='lat' dir='ltr'>traxere.</span> <span class='ocrx_word' id='word_1_104' title='bbox 319 1568 382 1629; x_wconf 89' lang='lat' dir='ltr'>Sed</span> <span class='ocrx_word' id='word_1_105' title='bbox 401 1567 500 1647; x_wconf 85' lang='lat' dir='ltr'>gloria</span> <span class='ocrx_word' id='word_1_106' title='bbox 517 1568 619 1646; x_wconf 87' lang='lat' dir='ltr'>operis</span> <span class='ocrx_word' id='word_1_107' title='bbox 640 1566 778 1627; x_wconf 76' lang='lat' dir='ltr'>libertati</span> <span class='ocrx_word' id='word_1_108' title='bbox 799 1577 974 1626; x_wconf 84' lang='lat' dir='ltr'>reservata:</span> <span class='ocrx_word' id='word_1_109' title='bbox 995 1565 1092 1645; x_wconf 84' lang='lat' dir='ltr'>pulsis</span> 
     </span>
     <span class='ocr_line' id='line_1_16' title="bbox 140 1662 1094 1745; baseline -0.003 -20"><span class='ocrx_word' id='word_1_110' title='bbox 140 1666 274 1745; x_wconf 82' lang='lat' dir='ltr'>regibus,</span> <span class='ocrx_word' id='word_1_111' title='bbox 288 1665 440 1726; x_wconf 86' lang='lat' dir='ltr'>Horatius</span> <span class='ocrx_word' id='word_1_112' title='bbox 451 1663 605 1724; x_wconf 91' lang='lat' dir='ltr'>Pulvillus</span> <span class='ocrx_word' id='word_1_113' title='bbox 625 1664 739 1724; x_wconf 88' lang='lat' dir='ltr'>iterum</span> <span class='ocrx_word' id='word_1_114' title='bbox 754 1664 860 1724; x_wconf 91' lang='lat' dir='ltr'>consul</span> <span class='ocrx_word' id='word_1_115' title='bbox 876 1662 1042 1735; x_wconf 87' lang='lat' dir='ltr'>dedicavit,</span> <span class='ocrx_word' id='word_1_116' title='bbox 1057 1681 1094 1722; x_wconf 89' lang='lat' dir='ltr'>ea</span> 
     </span>
     <span class='ocr_line' id='line_1_17' title="bbox 142 1759 1091 1841; baseline -0.004 -19"><span class='ocrx_word' id='word_1_117' title='bbox 142 1761 380 1841; x_wconf 86' lang='lat' dir='ltr'>magnificentia,</span> <span class='ocrx_word' id='word_1_118' title='bbox 395 1780 486 1840; x_wconf 91' lang='lat' dir='ltr'>quam</span> <span class='ocrx_word' id='word_1_119' title='bbox 507 1760 677 1821; x_wconf 88' lang='lat' dir='ltr'>immensae</span> <span class='ocrx_word' id='word_1_120' title='bbox 697 1770 807 1840; x_wconf 87' lang='lat' dir='ltr'>postea</span> <span class='ocrx_word' id='word_1_121' title='bbox 827 1760 936 1840; x_wconf 90' lang='lat' dir='ltr'>populi</span> <span class='ocrx_word' id='word_1_122' title='bbox 956 1759 1091 1820; x_wconf 88' lang='lat' dir='ltr'>Romani</span> 
     </span>
     <span class='ocr_line' id='line_1_18' title="bbox 143 1847 1091 1938; baseline -0.001 -20"><span class='ocrx_word' id='word_1_123' title='bbox 143 1878 217 1938; x_wconf 90' lang='lat' dir='ltr'>opes</span> <span class='ocrx_word' id='word_1_124' title='bbox 238 1868 384 1918; x_wconf 86' lang='lat' dir='ltr'>ornarent</span> <span class='ocrx_word' id='word_1_125' title='bbox 404 1857 508 1936; x_wconf 87' lang='lat' dir='ltr'>potius</span> <span class='ocrx_word' id='word_1_126' title='bbox 528 1877 621 1937; x_wconf 91' lang='lat' dir='ltr'>quam</span> <span class='ocrx_word' id='word_1_127' title='bbox 649 1847 809 1937; x_wconf 81' lang='lat' dir='ltr'>augerent.</span> <span class='ocrx_word' id='word_1_128' title='bbox 852 1857 958 1924; x_wconf 88' lang='lat' dir='ltr'>Isdem</span> <span class='ocrx_word' id='word_1_129' title='bbox 985 1876 1091 1917; x_wconf 87' lang='lat' dir='ltr'>rursus</span> 
     </span>
     <span class='ocr_line' id='line_1_19' title="bbox 142 1952 1146 2035; baseline 0 -23"><span class='ocrx_word' id='word_1_130' title='bbox 142 1952 281 2033; x_wconf 88' lang='lat' dir='ltr'>vestigiis</span> <span class='ocrx_word' id='word_1_131' title='bbox 304 1953 398 2014; x_wconf 88' lang='lat' dir='ltr'>situm</span> <span class='ocrx_word' id='word_1_132' title='bbox 423 1961 479 2026; x_wconf 86' lang='lat' dir='ltr'>est,</span> <span class='ocrx_word' id='word_1_133' title='bbox 502 1965 667 2033; x_wconf 87' lang='lat' dir='ltr'>postquam</span> <span class='ocrx_word' id='word_1_134' title='bbox 695 1954 863 2035; x_wconf 83' lang='lat' dir='ltr'>interjecto</span> <span class='ocrx_word' id='word_1_135' title='bbox 888 1954 1094 2034; x_wconf 88' lang='lat' dir='ltr'>quadringen·</span> <span class='ocrx_word' id='word_1_136' title='bbox 1114 1967 1146 2012; x_wconf 74' lang='lat' dir='ltr'>ao</span> 
     </span>
     <span class='ocr_line' id='line_1_20' title="bbox 142 2049 1093 2132; baseline 0 -22"><span class='ocrx_word' id='word_1_137' title='bbox 142 2061 247 2110; x_wconf 85' lang='lat' dir='ltr'>torum</span> <span class='ocrx_word' id='word_1_138' title='bbox 260 2049 437 2129; x_wconf 89' lang='lat' dir='ltr'>quindecim</span> <span class='ocrx_word' id='word_1_139' title='bbox 453 2068 605 2109; x_wconf 86' lang='lat' dir='ltr'>annorum</span> <span class='ocrx_word' id='word_1_140' title='bbox 626 2051 737 2129; x_wconf 86' lang='lat' dir='ltr'>spatio,</span> <span class='ocrx_word' id='word_1_141' title='bbox 753 2051 787 2111; x_wconf 91' lang='lat' dir='ltr'>L.</span> <span class='ocrx_word' id='word_1_142' title='bbox 804 2052 949 2132; x_wconf 83' lang='lat' dir='ltr'>Scipione</span> <span class='ocrx_word' id='word_1_143' title='bbox 965 2051 997 2112; x_wconf 82' lang='lat'>0.</span> <span class='ocrx_word' id='word_1_144' title='bbox 1014 2051 1093 2112; x_wconf 88' lang='lat' dir='ltr'>Nor-</span> 
     </span>
     <span class='ocr_line' id='line_1_21' title="bbox 142 2145 1094 2224; baseline 0.003 -20"><span class='ocrx_word' id='word_1_145' title='bbox 142 2145 223 2204; x_wconf 92' lang='lat' dir='ltr'>bano</span> <span class='ocrx_word' id='word_1_146' title='bbox 257 2145 443 2219; x_wconf 88' lang='lat' dir='ltr'>consulibus,</span> <span class='ocrx_word' id='word_1_147' title='bbox 476 2146 673 2224; x_wconf 88' lang='lat' dir='ltr'>flagraverat.</span> <span class='ocrx_word' id='word_1_148' title='bbox 723 2147 836 2207; x_wconf 82' lang='lat' dir='ltr'>Curam</span> <span class='ocrx_word' id='word_1_149' title='bbox 870 2147 973 2209; x_wconf 86' lang='lat' dir='ltr'>victor</span> <span class='ocrx_word' id='word_1_150' title='bbox 1007 2149 1094 2208; x_wconf 89' lang='lat' dir='ltr'>Sulla</span> 
     </span>
     <span class='ocr_line' id='line_1_22' title="bbox 142 2240 1091 2320; baseline 0.005 -20"><span class='ocrx_word' id='word_1_151' title='bbox 142 2240 287 2319; x_wconf 82' lang='lat' dir='ltr'>suscepit,</span> <span class='ocrx_word' id='word_1_152' title='bbox 302 2260 401 2320; x_wconf 88' lang='lat' dir='ltr'>neque</span> <span class='ocrx_word' id='word_1_153' title='bbox 422 2251 528 2300; x_wconf 88' lang='lat' dir='ltr'>tamen</span> <span class='ocrx_word' id='word_1_154' title='bbox 549 2240 725 2303; x_wconf 87' lang='lat' dir='ltr'>dedicavit:</span> <span class='ocrx_word' id='word_1_155' title='bbox 745 2244 806 2304; x_wconf 92' lang='lat' dir='ltr'>hoc</span> <span class='ocrx_word' id='word_1_156' title='bbox 825 2244 927 2304; x_wconf 93' lang='lat' dir='ltr'>solum</span> <span class='ocrx_word' id='word_1_157' title='bbox 946 2243 1091 2305; x_wconf 84' lang='lat' dir='ltr'>felicitati</span> 
     </span>
     <span class='ocr_line' id='line_1_23' title="bbox 143 2336 1186 2417; baseline 0.006 -22"><span class='ocrx_word' id='word_1_158' title='bbox 143 2338 211 2417; x_wconf 86' lang='lat' dir='ltr'>ejus</span> <span class='ocrx_word' id='word_1_159' title='bbox 224 2342 382 2416; x_wconf 81' lang='lat' dir='ltr'>negatum.</span> <span class='ocrx_word' id='word_1_160' title='bbox 423 2336 543 2396; x_wconf 83' lang='lat' dir='ltr'>Lutatii</span> <span class='ocrx_word' id='word_1_161' title='bbox 558 2336 662 2397; x_wconf 82' lang='lat' dir='ltr'>Catuli</span> <span class='ocrx_word' id='word_1_162' title='bbox 676 2359 790 2399; x_wconf 89' lang='lat' dir='ltr'>nomeu</span> <span class='ocrx_word' id='word_1_163' title='bbox 811 2339 895 2400; x_wconf 91' lang='lat' dir='ltr'>inter</span> <span class='ocrx_word' id='word_1_164' title='bbox 915 2349 1004 2401; x_wconf 84' lang='lat' dir='ltr'>tanta</span> <span class='ocrx_word' id='word_1_165' title='bbox 1019 2340 1093 2401; x_wconf 86' lang='lat' dir='ltr'>Cae-</span> <span class='ocrx_word' id='word_1_166' title='bbox 1185 2362 1186 2366; x_wconf 47' lang='lat'>¹</span> 
     </span>
     <span class='ocr_line' id='line_1_24' title="bbox 141 2433 1145 2513; baseline 0.007 -21"><span class='ocrx_word' id='word_1_167' title='bbox 141 2452 245 2493; x_wconf 86' lang='lat' dir='ltr'>sarum</span> <span class='ocrx_word' id='word_1_168' title='bbox 272 2453 366 2513; x_wconf 87' lang='lat' dir='ltr'>opera</span> <span class='ocrx_word' id='word_1_169' title='bbox 392 2453 490 2513; x_wconf 91' lang='lat' dir='ltr'>usque</span> <span class='ocrx_word' id='word_1_170' title='bbox 517 2434 558 2493; x_wconf 92' lang='lat' dir='ltr'>ad</span> <span class='ocrx_word' id='word_1_171' title='bbox 582 2433 749 2496; x_wconf 88' lang='lat' dir='ltr'>Vitellium</span> <span class='ocrx_word' id='word_1_172' title='bbox 775 2437 901 2498; x_wconf 86' lang='lat' dir='ltr'>mansit.</span> <span class='ocrx_word' id='word_1_173' title='bbox 942 2437 990 2498; x_wconf 84' lang='lat' dir='ltr'>Ea</span> <span class='ocrx_word' id='word_1_174' title='bbox 1016 2445 1092 2498; x_wconf 86' lang='lat' dir='ltr'>tunc</span> <span class='ocrx_word' id='word_1_175' title='bbox 1113 2452 1145 2499; x_wconf 76' lang='lat' dir='ltr'>aa</span> 
     </span>
     <span class='ocr_line' id='line_1_25' title="bbox 142 2529 464 2590; baseline 0 -2"><span class='ocrx_word' id='word_1_176' title='bbox 142 2529 235 2589; x_wconf 88' lang='lat' dir='ltr'>aedes</span> <span class='ocrx_word' id='word_1_177' title='bbox 255 2529 464 2590; x_wconf 46' lang='lat' dir='ltr'>cremabaturs</span> 
     </span>
    </p>

    <p class='ocr_par' dir='ltr' id='par_1_3' title="bbox 140 2625 1145 3477">
     <span class='ocr_line' id='line_1_26' title="bbox 183 2625 1093 2709; baseline 0.008 -23"><span class='ocrx_word' id='word_1_178' title='bbox 183 2627 230 2686; x_wconf 81' lang='lat'>73.</span> <span class='ocrx_word' id='word_1_179' title='bbox 265 2625 328 2686; x_wconf 85' lang='lat' dir='ltr'>Sed</span> <span class='ocrx_word' id='word_1_180' title='bbox 355 2626 426 2706; x_wconf 88' lang='lat' dir='ltr'>plus</span> <span class='ocrx_word' id='word_1_181' title='bbox 452 2626 580 2706; x_wconf 86' lang='lat' dir='ltr'>pavoris.</span> <span class='ocrx_word' id='word_1_182' title='bbox 600 2627 731 2690; x_wconf 89' lang='lat' dir='ltr'>obsessis</span> <span class='ocrx_word' id='word_1_183' title='bbox 759 2649 852 2709; x_wconf 91' lang='lat' dir='ltr'>quam</span> <span class='ocrx_word' id='word_1_184' title='bbox 880 2629 1093 2693; x_wconf 77' lang='lat' dir='ltr'>obsessoribus</span> 
     </span>
     <span class='ocr_line' id='line_1_27' title="bbox 141 2720 1094 2807; baseline 0.005 -26"><span class='ocrx_word' id='word_1_185' title='bbox 141 2720 256 2794; x_wconf 86' lang='lat' dir='ltr'>intulit,</span> <span class='ocrx_word' id='word_1_186' title='bbox 270 2722 384 2802; x_wconf 92' lang='lat' dir='ltr'>quippe</span> <span class='ocrx_word' id='word_1_187' title='bbox 399 2723 593 2785; x_wconf 65' lang='lat' dir='ltr'>Vitellianus,</span> <span class='ocrx_word' id='word_1_188' title='bbox 609 2726 696 2785; x_wconf 90' lang='lat' dir='ltr'>miles</span> <span class='ocrx_word' id='word_1_189' title='bbox 710 2746 811 2805; x_wconf 90' lang='lat' dir='ltr'>neque</span> <span class='ocrx_word' id='word_1_190' title='bbox 826 2736 895 2786; x_wconf 85' lang='lat' dir='ltr'>astu</span> <span class='ocrx_word' id='word_1_191' title='bbox 909 2747 1009 2807; x_wconf 88' lang='lat' dir='ltr'>neque</span> <span class='ocrx_word' id='word_1_192' title='bbox 1023 2747 1094 2788; x_wconf 90' lang='lat' dir='ltr'>con-</span> 
     </span>
     <span class='ocr_line' id='line_1_28' title="bbox 141 2817 1092 2903; baseline 0.008 -26"><span class='ocrx_word' id='word_1_193' title='bbox 141 2817 256 2878; x_wconf 88' lang='lat' dir='ltr'>stantia</span> <span class='ocrx_word' id='word_1_194' title='bbox 265 2818 349 2878; x_wconf 88' lang='lat' dir='ltr'>inter</span> <span class='ocrx_word' id='word_1_195' title='bbox 360 2819 454 2879; x_wconf 91' lang='lat' dir='ltr'>dubia</span> <span class='ocrx_word' id='word_1_196' title='bbox 464 2820 642 2900; x_wconf 87' lang='lat' dir='ltr'>indigebat:</span> <span class='ocrx_word' id='word_1_197' title='bbox 656 2841 695 2881; x_wconf 82' lang='lat' dir='ltr'>ex</span> <span class='ocrx_word' id='word_1_198' title='bbox 706 2823 829 2883; x_wconf 89' lang='lat' dir='ltr'>diverso</span> <span class='ocrx_word' id='word_1_199' title='bbox 841 2824 957 2903; x_wconf 86' lang='lat' dir='ltr'>trepidi</span> <span class='ocrx_word' id='word_1_200' title='bbox 966 2825 1092 2897; x_wconf 86' lang='lat' dir='ltr'>milites,</span> 
     </span>
     <span class='ocr_line' id='line_1_29' title="bbox 142 2915 1091 3000; baseline 0.006 -25"><span class='ocrx_word' id='word_1_201' title='bbox 142 2915 207 2975; x_wconf 85' lang='lat' dir='ltr'>dux</span> <span class='ocrx_word' id='word_1_202' title='bbox 220 2915 324 2994; x_wconf 88' lang='lat' dir='ltr'>segnis</span> <span class='ocrx_word' id='word_1_203' title='bbox 338 2927 371 2977; x_wconf 89' lang='lat' dir='ltr'>et</span> <span class='ocrx_word' id='word_1_204' title='bbox 385 2918 471 2977; x_wconf 80' lang='lat' dir='ltr'>velu‘t</span> <span class='ocrx_word' id='word_1_205' title='bbox 486 2928 596 2999; x_wconf 81' lang='lat' dir='ltr'>coptus</span> <span class='ocrx_word' id='word_1_206' title='bbox 611 2919 715 2992; x_wconf 91' lang='lat' dir='ltr'>animi,</span> <span class='ocrx_word' id='word_1_207' title='bbox 726 2940 788 2978; x_wconf 92' lang='lat' dir='ltr'>non</span> <span class='ocrx_word' id='word_1_208' title='bbox 802 2920 917 3000; x_wconf 84' lang='lat' dir='ltr'>lingua,</span> <span class='ocrx_word' id='word_1_209' title='bbox 931 2940 993 2981; x_wconf 91' lang='lat' dir='ltr'>non</span> <span class='ocrx_word' id='word_1_210' title='bbox 1008 2921 1091 2981; x_wconf 77' lang='lat' dir='ltr'>auri</span> 
     </span>
     <span class='ocr_line' id='line_1_30' title="bbox 141 3011 1145 3097; baseline 0.005 -27"><span class='ocrx_word' id='word_1_211' title='bbox 141 3011 200 3071; x_wconf 90' lang='lat' dir='ltr'>bus</span> <span class='ocrx_word' id='word_1_212' title='bbox 221 3022 416 3091; x_wconf 86' lang='lat' dir='ltr'>competere3</span> <span class='ocrx_word' id='word_1_213' title='bbox 437 3034 537 3094; x_wconf 88' lang='lat' dir='ltr'>neque</span> <span class='ocrx_word' id='word_1_214' title='bbox 552 3015 658 3074; x_wconf 90' lang='lat' dir='ltr'>alienis</span> <span class='ocrx_word' id='word_1_215' title='bbox 675 3016 810 3076; x_wconf 90' lang='lat' dir='ltr'>consiliis</span> <span class='ocrx_word' id='word_1_216' title='bbox 824 3018 899 3096; x_wconf 88' lang='lat' dir='ltr'>regi,</span> <span class='ocrx_word' id='word_1_217' title='bbox 914 3037 1014 3097; x_wconf 91' lang='lat' dir='ltr'>neque</span> <span class='ocrx_word' id='word_1_218' title='bbox 1035 3035 1090 3078; x_wconf 92' lang='lat' dir='ltr'>sua</span> <span class='ocrx_word' id='word_1_219' title='bbox 1129 3030 1145 3075; x_wconf 78' lang='lat' dir='ltr'>o</span> 
     </span>
     <span class='ocr_line' id='line_1_31' title="bbox 143 3108 1092 3192; baseline 0.005 -25"><span class='ocrx_word' id='word_1_220' title='bbox 143 3108 306 3185; x_wconf 82' lang='lat' dir='ltr'>expedire3</span> <span class='ocrx_word' id='word_1_221' title='bbox 317 3109 378 3168; x_wconf 94' lang='lat' dir='ltr'>huc</span> <span class='ocrx_word' id='word_1_222' title='bbox 388 3109 461 3169; x_wconf 93' lang='lat' dir='ltr'>illuc</span> <span class='ocrx_word' id='word_1_223' title='bbox 473 3111 657 3170; x_wconf 88' lang='lat' dir='ltr'>clamoribus</span> <span class='ocrx_word' id='word_1_224' title='bbox 667 3112 804 3171; x_wconf 89' lang='lat' dir='ltr'>hostium</span> <span class='ocrx_word' id='word_1_225' title='bbox 813 3112 997 3192; x_wconf 81' lang='lat' dir='ltr'>circumagi3</span> <span class='ocrx_word' id='word_1_226' title='bbox 1012 3132 1092 3192; x_wconf 88' lang='lat' dir='ltr'>quae</span> 
     </span>
     <span class='ocr_line' id='line_1_32' title="bbox 141 3204 1094 3288; baseline 0.005 -27"><span class='ocrx_word' id='word_1_227' title='bbox 141 3204 408 3284; x_wconf 87' lang='lat' dir='ltr'>jusserat,vetare‚</span> <span class='ocrx_word' id='word_1_228' title='bbox 416 3225 494 3285; x_wconf 89' lang='lat' dir='ltr'>quae</span> <span class='ocrx_word' id='word_1_229' title='bbox 504 3216 656 3278; x_wconf 82' lang='lat' dir='ltr'>vetuerat,</span> <span class='ocrx_word' id='word_1_230' title='bbox 666 3207 791 3287; x_wconf 85' lang='lat' dir='ltr'>jubere;</span> <span class='ocrx_word' id='word_1_231' title='bbox 802 3210 975 3287; x_wconf 84' lang='lat' dir='ltr'>mox,quod</span> <span class='ocrx_word' id='word_1_232' title='bbox 987 3210 1017 3268; x_wconf 88' lang='lat' dir='ltr'>in</span> <span class='ocrx_word' id='word_1_233' title='bbox 1027 3227 1094 3288; x_wconf 89' lang='lat' dir='ltr'>per-</span> 
     </span>
     <span class='ocr_line' id='line_1_33' title="bbox 142 3299 1092 3382; baseline 0.004 -24"><span class='ocrx_word' id='word_1_234' title='bbox 142 3299 217 3359; x_wconf 88' lang='lat' dir='ltr'>ditis</span> <span class='ocrx_word' id='word_1_235' title='bbox 238 3301 330 3360; x_wconf 91' lang='lat' dir='ltr'>rebus</span> <span class='ocrx_word' id='word_1_236' title='bbox 353 3300 476 3374; x_wconf 87' lang='lat' dir='ltr'>accidit,</span> <span class='ocrx_word' id='word_1_237' title='bbox 496 3320 605 3361; x_wconf 91' lang='lat' dir='ltr'>omnes</span> <span class='ocrx_word' id='word_1_238' title='bbox 624 3302 811 3381; x_wconf 81' lang='lat' dir='ltr'>praecipere,</span> <span class='ocrx_word' id='word_1_239' title='bbox 832 3320 924 3363; x_wconf 89' lang='lat' dir='ltr'>nemo</span> <span class='ocrx_word' id='word_1_240' title='bbox 948 3302 1092 3382; x_wconf 84' lang='lat' dir='ltr'>exsequi:</span> 
     </span>
     <span class='ocr_line' id='line_1_34' title="bbox 140 3396 1093 3477; baseline 0.004 -21"><span class='ocrx_word' id='word_1_241' title='bbox 140 3405 309 3476; x_wconf 88' lang='lat' dir='ltr'>postremo,</span> <span class='ocrx_word' id='word_1_242' title='bbox 318 3396 450 3477; x_wconf 88' lang='lat' dir='ltr'>abjectis</span> <span class='ocrx_word' id='word_1_243' title='bbox 461 3396 562 3472; x_wconf 87' lang='lat' dir='ltr'>armis,</span> <span class='ocrx_word' id='word_1_244' title='bbox 572 3397 724 3475; x_wconf 81' lang='lat' dir='ltr'>fugamet</span> <span class='ocrx_word' id='word_1_245' title='bbox 733 3398 863 3459; x_wconf 79' lang='lat' dir='ltr'>fallendi</span> <span class='ocrx_word' id='word_1_246' title='bbox 873 3407 956 3458; x_wconf 84' lang='lat' dir='ltr'>artes</span> <span class='ocrx_word' id='word_1_247' title='bbox 966 3398 1093 3460; x_wconf 89' lang='lat' dir='ltr'>circum-</span> 
     </span>
    </p>
   </div>
   <div class='ocr_carea' id='block_1_3' title="bbox 0 0 1294 3944">
    <p class='ocr_par' dir='ltr' id='par_1_4' title="bbox 0 0 1294 3944">
     <span class='ocr_line' id='line_1_35' title="bbox 0 0 1294 3944; baseline 0 0"><span class='ocrx_word' id='word_1_248' title='bbox 0 0 1294 3944; x_wconf 95' lang='lat' dir='ltr'> </span> 
     </span>
    </p>
   </div>
  </div>
 </body>
</html>
