2580 3944
142 125 205 185 suis
220 121 403 194 reddantur,
416 121 486 199 plus
503 119 711 199 periculorum
731 117 910 197 suscipere?
948 117 1024 179 Nou
1044 116 1096 177 ob
1116 132 1147 178 25

142 219 271 282 trectari
286 238 304 278 a
318 237 351 278 se
365 217 499 277 urbanas
518 216 683 276 excubias:
704 215 762 275 sibi
782 226 886 275 tamen
902 216 986 294 apud
999 215 1096 274 horri-

142 319 198 378 das
211 326 322 398 gentes
336 336 354 375 e
370 313 581 374 contuberniis
596 314 717 373 hostem
732 312 836 391 aspici.

198 417 245 475 18.
286 412 477 491 Astrepebat
504 411 626 488 vulgus,
651 409 781 468 diversis
811 409 1032 482 incitamentis,
1062 409 1095 469 hi

142 512 308 571 verberum
321 518 422 583 notas,
437 506 483 567 illi
505 505 660 578 canitiem,
675 505 800 584 plurimi
821 506 937 565 detrita
957 506 1096 584 tegmina

144 620 176 669 et
190 608 308 668 nudum
329 626 439 686 corpus
462 602 697 683 exprobrantes.
739 601 903 663 Postremo
925 621 962 661 eo
982 602 1096 662 luroris

143 724 266 777 venere,
280 712 317 764 ut
334 713 396 763 tres
418 702 557 781 legiones
579 699 708 758 miscere
729 698 761 757 in
783 718 876 757 unam
897 698 1096 776 agitaverint.

144 801 276 880 Depulsi
298 799 513 871 aemulatione,
535 796 608 877 quia
632 815 705 855 suae
730 788 859 874 ¹quisque
882 795 1000 873 legioni
1024 813 1095 853 eum
1135 809 1154 852 5·

143 899 295 957 honorem
315 897 514 976 quaerebant,
531 894 592 953 alio
607 902 735 952 vertunt
753 902 845 970 atque
860 911 922 950 una
936 902 999 950 tres
1014 891 1098 970 aqui-

143 995 189 1054 las
203 1004 235 1054 et
249 994 337 1073 signa
351 993 527 1053 cohortium
542 992 647 1050 locant
659 1009 667 1063 ;
688 988 780 1048 simul
795 999 968 1066 congerunt
983 988 1097 1066 caespi-

143 1103 201 1164 tes,
230 1099 395 1150 exstruunt
423 1089 567 1160 tribunal,
598 1108 659 1167 quo
687 1085 786 1164 magis
814 1086 981 1164 conspicua
1008 1085 1097 1145 sedes

143 1188 237 1248 foret.
278 1185 522 1266 Properantibus
544 1184 673 1244 Blaesus
695 1181 1097 1261 advenit,·increpabatque
1146 1182 1148 1186 ’

144 1303 180 1343 ac
194 1283 350 1344 retinebat
364 1283 510 1362 singulos,
526 1281 687 1341 clamitans
710 1287 798 1339 ‘mea
812 1277 916 1357 potius
936 1279 1029 1337 caede
1045 1279 1098 1338 im·
1119 1293 1150 1339 ιο

143 1380 231 1440 buite
245 1400 370 1440 manus:
384 1380 501 1439 leviore
512 1379 630 1458 flagitio
646 1379 784 1458 legatum
799 1375 993 1435 interficietis
1005 1395 1097 1454 quam

144 1476 184 1536 ab
198 1477 383 1555 imperatore
398 1476 579 1537 desciscitis.
621 1476 689 1536 Aut
708 1473 872 1535 incolumis
890 1473 985 1531 fidem
1005 1472 1098 1552 legio-

144 1594 220 1633 num
233 1573 384 1647 retinebo,
399 1583 453 1634 aut
466 1575 626 1654 jugulatus
643 1575 869 1653 paenitentiam
886 1569 1084 1633 acceleraho.'

200 1672 246 1730 19.
287 1671 508 1751 Aggerabatur
521 1671 619 1731 nihilo
636 1672 736 1732 minus
753 1692 877 1752 caespes
891 1675 1019 1754 jamque
1030 1692 1098 1753 pec

144 1766 207 1826 tori
234 1768 302 1847 ejus
329 1787 426 1847 usqne
454 1780 641 1840 accreverat,
667 1788 737 1828 cum
765 1770 894 1829 tandem
922 1771 1098 1849 pervicacia

144 1863 222 1923 victi
241 1863 401 1942 inceptum
422 1864 562 1924 omisere.
605 1864 733 1925 Blaesus
755 1869 853 1926 multa
873 1867 999 1926 dicendi
1021 1877 1098 1940 arte,

145 1979 208 2018 non
235 1980 292 2038 per
319 1959 503 2020 seditionem
528 1973 561 2020 et
589 1961 696 2020 turbas
723 1962 879 2023 desideria
900 1964 1035 2024 militum
1059 1963 1098 2021 ad

146 2057 310 2116 Caesarem
328 2056 459 2115 ferenda
477 2057 533 2129 ait,
545 2077 645 2136 neque
663 2068 786 2118 veteres
801 2060 839 2118 ab
859 2060 1097 2139 imperatoribus

144 2153 253 2234 priscis
267 2173 367 2232 neque
382 2153 465 2232 ipsos
480 2173 498 2213 a
512 2154 587 2213 divo
598 2154 744 2234 Augusto
759 2165 824 2215 tam
838 2177 921 2216 nova
934 2157 1099 2236 petivisse3

144 2260 177 2309 et
188 2270 297 2328 parurn
311 2250 495 2330 intempore
511 2250 697 2330 incipientes
710 2252 857 2332 principis
869 2273 957 2313 curas
969 2254 1099 2313 onerari.

146 2347 180 2406 si
200 2356 304 2406 tamen
324 2347 490 2408 tenderent
510 2348 543 2408 in
563 2368 639 2427 paoe
661 2358 783 2409 tentare
801 2369 880 2429 quae
901 2369 940 2409 ne
962 2349 1100 2409 civilium

145 2443 271 2523 quidem
290 2444 443 2504 bellorum
466 2445 600 2506 victores
621 2447 899 2526 expostulaverint,
914 2467 969 2506 our
991 2457 1100 2506 eontra

144 2559 263 2599 morem
275 2539 423 2620 obsequii,
436 2552 544 2603 contra
556 2543 604 2602 las
615 2543 797 2622 disciplinae
809 2543 872 2603 vim
888 2543 1102 2602 meditentur?
1122 2558 1152 2603 10

145 2636 347 2697 decernerent
362 2639 481 2716 legatos
496 2659 591 2719 seque
606 2659 711 2699 coram
726 2640 873 2699 mandata
888 2640 1009 2699 darent.
1038 2640 1099 2700 Ac-

145 2733 317 2793 clamavere
332 2744 367 2794 ut
381 2735 463 2795 filius
479 2736 583 2796 Blaesi
598 2737 741 2795 tribunus
755 2735 911 2814 legatione
933 2755 970 2795 ea
990 2736 1098 2814 funge-

144 2838 239 2902 retur,
250 2840 435 2911 peteretque
448 2831 598 2891 militibus
608 2832 787 2891 missionem
798 2832 836 2890 ab
847 2832 982 2892 sedecim
994 2832 1099 2893 aunis:

145 2936 249 2986 cetera
269 2928 481 3001 mandaturos,
496 2928 550 2987 ubi
565 2928 666 3006 prima
680 2928 908 3006 provenissent.
950 2928 1100 2988 Profecto

143 3024 259 3101 juvene
275 3025 434 3085 modicum
446 3025 561 3084 otium:
576 3025 632 3084 sed
642 3023 802 3103 superbire
814 3025 911 3098 miles,
923 3026 1007 3104 quod
1018 3025 1100 3084 filius
1121 3039 1151 3084 15

144 3119 252 3198 legati,
267 3132 373 3182 orator
387 3121 529 3200 publicae
545 3140 663 3194 causae,
678 3121 754 3180 satis
772 3122 952 3181 ostenderet
971 3120 1101 3181 necessi-

144 3224 210 3276 tate
225 3236 373 3297 expressa
386 3237 464 3298 quae
479 3237 535 3298 per
549 3217 735 3278 modestiam
744 3238 812 3277 non
827 3217 1042 3279 obtinuissent.
