2580 3944
366 195 630 247 maronianum
651 194 760 245 mnus
782 195 927 244 seruus.
1105 179 1146 244 87

747 286 760 314 0

143 357 306 438 Philippos
329 367 361 416 et
382 355 543 415 Perusiam
564 374 600 414 ac
620 353 784 427 Mutinam,
805 365 881 414 nota
901 353 1094 432 publicarum

141 457 277 516 cladium
298 453 433 526 nomina,
448 452 661 532 loquebantur.
703 450 806 530 Prope
821 472 961 511 eversum
977 453 1092 525 orbern,

142 554 236 613 etiam
258 571 328 612 cum
349 551 388 609 de
410 550 582 627 principatu
610 549 691 607 inter
712 548 808 608 bonos
837 560 1015 623 certaretur,
1038 551 1092 609 sed
1116 565 1145 610 15

142 649 290 708 mansisse
308 647 384 710 Gaio
397 647 418 706 J
423 647 491 718 ulio,
506 645 653 705 mansisse
668 646 800 706 Caesare
815 646 960 723 Augusto
975 647 1093 707 victure

142 744 325 823 imperiun13
352 763 527 803 mansuram
554 742 648 801 fuisse
677 742 733 801 sub
758 742 909 820 Pompeio
934 742 1093 823 Brutoque

143 841 380 920 rempublicam:
395 859 478 898 nunc
491 858 547 917 pro
562 837 688 898 Othone
704 858 741 897 an
758 858 813 916 pru
829 838 959 898 Vitellio
975 840 1005 897 in
1021 853 1095 899 tem·

142 939 196 1019 pla
209 938 328 997 ituros?
350 948 493 1014 utrasque
509 936 618 1014 impias
633 955 746 1015 preces,
762 948 891 1015 utraque
907 936 1094 997 detestanda

143 1045 219 1095 rota
232 1034 312 1093 inter
326 1034 413 1104 duos,
429 1052 557 1111 quorum
573 1032 655 1092 bello
675 1033 773 1091 solum
796 1033 827 1091 id
849 1032 950 1106 scires,
966 1033 1097 1094 deterio·
1117 1048 1147 1094 20

143 1152 211 1191 rem
225 1130 291 1190 fore
307 1131 359 1209 qui
375 1129 507 1189 vicisset.
541 1129 640 1188 Erant
655 1129 708 1207 qui
724 1129 949 1207 Vespasianum
965 1140 996 1189 et
1011 1150 1095 1190 anna

144 1230 271 1289 orientis
292 1239 532 1306 augurareutur3
554 1237 586 1285 et
607 1237 641 1284 ut
662 1226 764 1303 potior
785 1238 917 1304 utroque
933 1226 1095 1304 Vespasia·

143 1345 210 1398 nus,
226 1325 270 1385 ita
282 1325 398 1385 bellum
413 1324 497 1383 aliud
513 1333 604 1403 atque
621 1324 695 1381 alias
710 1323 813 1382 clades
835 1323 1011 1381 horrebant.
1052 1322 1095 1383 Et

145 1423 287 1501 ambigua
298 1423 337 1481 de
348 1422 540 1500 Vespasiano
554 1421 651 1494 fama3
666 1419 808 1498 solusque
824 1419 961 1478 emnium
976 1431 1048 1478 ante
1063 1441 1094 1480 se

144 1520 316 1599 principum
330 1520 361 1578 in
377 1520 487 1577 melius
501 1528 638 1577 mutatus
653 1529 709 1577 est.
1116 1533 1147 1577 25

185 1616 230 1674 51.
265 1615 360 1676 Nunc
384 1615 472 1674 initia
498 1634 664 1693 causasque
693 1623 796 1672 motus
819 1612 981 1674 Vitelliani
1007 1634 1096 1693 expe-

145 1712 237 1772 diam.
280 1714 377 1773 Caeso
392 1732 461 1771 cum
477 1712 619 1771 omnibus
641 1711 736 1790 copiis
750 1711 770 1770 J
774 1712 835 1771 ulio
852 1711 995 1785 Vindice,
1009 1712 1095 1772 ferox

144 1811 258 1887 praeda
269 1810 426 1888 gloriaque
439 1809 600 1882 exercitus,
613 1818 648 1868 nt
659 1809 707 1868 cui
719 1809 784 1868 sine
796 1809 900 1869 labore
913 1830 948 1869 ac
959 1809 1095 1888 periculo

145 1906 289 1966 ditissimi
301 1907 370 1966 belli
383 1906 512 1966 victoria
527 1907 690 1979 evenisset,
703 1906 930 1985 expeditionem
945 1920 976 1966 et
989 1907 1095 1981 aciem,

145 2005 281 2084 praemia
294 2025 386 2084 quam
401 2004 556 2084 stipendia
571 2005 714 2064 malebat.
749 2003 813 2063 Diu
828 2003 1046 2064 intinctuosarn
1062 2016 1095 2064 et
1133 2019 1148 2065 u

146 2121 285 2181 asperam
299 2103 441 2162 militiam
456 2102 665 2161 toleraverant
679 2100 804 2179 ingenio
825 2101 885 2160 loci
906 2102 1043 2181 caelique
1064 2113 1096 2162 et

145 2200 310 2260 severitate
331 2199 519 2278 disciplinae,
534 2218 627 2276 qnam
648 2197 678 2255 in
701 2217 775 2276 pace
797 2196 1017 2258 inexorabilem
1038 2199 1097 2258 dis·

145 2298 267 2356 cordiae
277 2296 388 2355 civiurn
400 2297 567 2365 resolvunt,
578 2295 692 2372 paratis
703 2294 856 2373 utrimque
867 2296 1096 2374 corruptoribus

145 2403 178 2453 et
191 2395 319 2474 perfidia
332 2392 495 2472 impunita.
539 2391 618 2463 Viri,
634 2411 726 2462 arma,
743 2392 814 2470 equi
835 2391 874 2449 ad
895 2412 982 2451 usum
1003 2403 1036 2451 et
1056 2391 1096 2450 ad

145 2492 240 2551 decus
254 2500 442 2570 supererant.
486 2488 548 2549 Sed
569 2500 641 2548 ante
661 2488 774 2547 bellum
798 2488 950 2548 centurias
972 2497 1095 2548 tantum
1119 2503 1149 2548 ιο

145 2613 214 2652 siras
224 2604 400 2670 turmasque
410 2599 575 2662 noverant3
588 2589 739 2648 exercitus
748 2587 858 2647 finibus
869 2587 1096 2666 provinciarum

145 2689 413 2748 discernebantur:
449 2701 515 2748 tum
550 2686 697 2746 adversus
725 2684 891 2744 Vindicem
920 2694 1096 2744 contractae

145 2785 291 2862 legiones,
312 2803 405 2862 seque
426 2795 459 2845 et
480 2784 595 2843 Gallias
623 2791 778 2861 expertae,
800 2800 946 2860 quaerere
974 2800 1096 2841 rursum

147 2898 231 2937 arma
258 2897 414 2956 novasque
439 2880 626 2953 discordias3
656 2899 712 2938 nec
741 2878 847 2949 socios
871 2888 905 2936 ut
934 2877 1016 2951 clim,
1041 2877 1095 2937 sed

147 2974 250 3033 hostes
264 2985 296 3032 et
311 2973 409 3033 victos
424 2974 585 3034 vocabant.
627 2974 695 3033 Nec
710 2974 816 3032 deerat
831 2992 900 3051 pars
915 2972 1094 3046 Galliarum,
1118 2987 1149 3032 15

147 3087 225 3146 quae
251 3069 395 3129 Rhenum
419 3069 539 3142 accolit,
562 3070 684 3128 easdem
711 3079 814 3146 partes
838 3078 944 3128 secuta
970 3088 1006 3129 ac
1028 3078 1095 3128 tum

148 3165 296 3223 acerrima
319 3163 496 3245 instigatrix
525 3165 689 3225 adversum
714 3164 902 3223 Galbianos:
930 3165 989 3224 hoc
1014 3165 1095 3224 enim

147 3282 269 3335 nornen,
283 3260 425 3322 fastidito
439 3261 584 3334 Vindice,
598 3261 786 3320 indiderant.
828 3259 929 3338 Igitur
945 3259 1095 3338 Sequanis

147 3359 326 3438 Aeduisque
342 3378 377 3417 ac
392 3359 513 3432 deinde,
528 3369 619 3438 prout
641 3357 799 3438 opulentia
819 3355 999 3416 civitatibus
1021 3366 1095 3430 erat,

147 3457 266 3530 infensi,
289 3455 534 3534 expugnationes
556 3455 688 3529 urbium,
702 3453 919 3535 populationes
942 3473 1095 3533 agrorum,
1117 3466 1149 3512 20
