2580 3944
387 122 592 172 masmar
612 121 724 172 umas
746 121 896 173 sumus.
1110 111 1152 176 ta

66 349 70 359 ,
144 283 252 366 egredi
265 302 467 364 egressosque
480 301 601 342 rursum
615 301 672 362 per
688 282 818 343 humida
832 292 864 343 et
878 283 1028 364 impedita
1043 286 1096 349 uir·

143 381 361 443 cumvenirent
381 379 541 453 suadente,
563 380 715 439 atrociora
737 378 933 458 Inguiomero
958 392 991 441 ut
1016 383 1097 445 lnrta

143 479 291 552 barbaris,
304 487 343 537 ut
355 476 472 536 vallum
486 475 579 535 armis
593 475 763 535 ambirent:
785 489 961 556 promptam
983 499 1096 559 expug-
1134 496 1149 542 t

142 575 313 647 nationem,
326 574 430 654 plures
451 573 599 651 captivos,
621 573 830 651 incorruptam
852 576 999 651 praedam
1020 578 1094 640 lhro.

142 670 247 752 Igitur
260 683 330 732 orta
345 671 396 730 die
410 656 563 751 proruunt
577 670 681 743 fossas,
697 670 841 749 injiciunt
855 682 963 743 crates,
978 694 1097 736 sununu

142 768 218 828 valli
231 777 390 849 prensant,
405 785 474 826 raro
490 786 581 845 super
595 767 692 825 milite
708 779 740 826 et
755 769 841 846 quasi
857 769 897 829 ob
911 781 1029 832 oretum
1044 772 1094 831 uo

141 867 216 924 lixo.
257 863 429 943 Postquam
444 864 569 922 haesere
589 864 797 938 munimentis,
812 865 904 926 datur
919 868 1096 929 cohortibus

142 961 268 1041 signum
281 979 458 1038 cornuaque
472 978 509 1019 ac
523 961 615 1019 tubae
631 961 824 1023 concinuere.
865 962 946 1023 Exin
963 966 1094 1025 clamore
1117 980 1147 1025 10

143 1069 177 1119 et
190 1058 310 1137 impetu
324 1057 420 1136 tergis
435 1055 663 1116 Germanorum
678 1058 976 1132 circumfunduntur,
992 1081 1097 1142 expro-

142 1154 270 1214 brantes
293 1174 357 1213 non
381 1154 431 1213 hic
455 1153 548 1213 silvas
574 1174 631 1214 nec
655 1156 794 1233 paludes,
817 1157 871 1216 scd
897 1160 1001 1237 aequis
1022 1157 1096 1217 locis

143 1252 358 1331 aequosdeos.
401 1250 496 1310 Hosti
515 1252 603 1311 facile
619 1253 773 1313 excidium
789 1264 821 1314 et
835 1273 949 1331 paucos
968 1275 1002 1314 ao
1021 1275 1097 1313 sern-

142 1367 245 1409 ermos
257 1349 417 1429 cogitanti,
427 1369 520 1409 sonus
530 1351 684 1422 tubarum,
694 1351 795 1429 fulgor
806 1371 969 1425 annorum,
979 1362 1096 1432 quanto

143 1445 280 1524 inopina,
305 1455 395 1505 tanto
418 1447 540 1526 majora
564 1446 788 1522 offunduntur3
814 1448 1037 1528 colebantque,
1062 1459 1097 1508 ut
1120 1464 1149 1509 ta

142 1539 236 1598 rebus
261 1540 405 1600 secundis
426 1541 521 1614 aridi,
542 1541 588 1601 ita
613 1542 750 1603 adversis
769 1543 893 1603 incauti.
936 1543 1096 1603 Arminius

142 1635 275 1714 integer,
294 1635 510 1716 Inguiomerus
538 1648 609 1717 post
632 1659 729 1718 grave
750 1641 861 1700 vulnus
886 1660 1021 1720 pugnam
1047 1641 1097 1699 de·

143 1751 286 1792 seruere:
306 1735 419 1813 vulgus
433 1736 625 1794 trucidatum
640 1745 696 1809 est,
711 1736 811 1796 donec
828 1736 873 1796 ira
894 1748 925 1797 ct
947 1739 1012 1796 ilios
1031 1758 1096 1816 por-

143 1830 266 1890 mansit.
295 1831 398 1891 Nocte
413 1832 540 1891 demum
555 1853 696 1891 reversae
712 1834 857 1913 legiones,
872 1835 1012 1914 quamvis
1027 1835 1095 1914 plus

143 1928 306 1988 vulnerum
321 1929 431 1989 eadem
447 1930 586 1989 ciborum
602 1940 722 2008 egestas
736 1930 891 2009 fatigaret,
902 1932 976 2005 vim,
988 1932 1098 1992 sanita-
1118 1945 1149 1991 20

143 2035 217 2100 tem,
232 2028 344 2107 copias,
359 2037 473 2088 cuncta
487 2029 517 2087 in
532 2026 664 2086 victoria
678 2028 820 2086 habuere.

158 2157 161 2163 .
198 2125 246 2186 69.
280 2125 466 2186 Pervaserat
481 2124 606 2186 interim
618 2123 821 2183 circumventi
837 2125 989 2184 exereitus
1003 2125 1095 2197 famu,

144 2231 177 2282 et
196 2222 311 2282 infesto
327 2223 554 2283 Germanorum
570 2219 692 2297 agmine
708 2220 823 2279 Gallias
838 2222 912 2299 peti,
927 2240 962 2280 ac
984 2223 1016 2280 ni
1031 2222 1095 2300 Ag-

143 2318 265 2398 rippina
284 2319 464 2398 impositum
486 2320 598 2380 Rheno
620 2326 747 2395 pontem
776 2317 853 2375 solvi
875 2317 1094 2396 prohibuisset,

144 2425 233 2475 erant
247 2417 298 2496 qui
312 2417 344 2476 id
360 2416 513 2496 flagitium
528 2415 695 2475 formidine
711 2413 870 2473 auderent.
906 2414 967 2472 Sed
982 2413 1097 2473 femina

142 2511 253 2592 ingens
267 2514 361 2573 animi
375 2514 481 2573 munia
495 2514 582 2573 deicis
596 2531 715 2592 percos
730 2509 796 2569 dies
811 2510 922 2583 induit,
934 2509 1095 2570 militibus-
1133 2526 1148 2570 u

144 2629 213 2688 que,
224 2619 260 2669 ut
274 2611 342 2691 quis
355 2611 445 2689 inops
460 2622 513 2671 aut
529 2610 659 2683 saucius,
670 2619 791 2669 vestem
806 2619 837 2667 et
851 2607 991 2667 fomenta
1006 2607 1095 2667 dilar-

142 2706 210 2785 gita
230 2716 286 2768 est.
329 2706 442 2784 Tradit
463 2709 497 2769 C.
519 2708 649 2779 Plinius,
669 2706 922 2767 Germanicorum
943 2706 1095 2765 bellorum

143 2803 282 2882 script-or,
296 2803 419 2864 stetisse
437 2806 517 2882 apud
533 2804 718 2884 principium
733 2804 846 2884 pontis,
861 2804 969 2863 laudes
983 2813 1015 2862 et
1029 2823 1096 2882 gra·

142 2908 190 2959 tes
209 2900 339 2960 reversis
358 2899 531 2978 legionibus
546 2901 722 2961 habentem.
765 2901 803 2960 Id
818 2900 935 2960 Tiberii
957 2900 1094 2960 animum

143 2996 235 3056 altius
248 2996 443 3075 penetravit:
457 3018 519 3058 non
534 2997 617 3056 enim
632 2998 785 3076 simplices
797 3018 848 3058 eas
864 3018 962 3071 curas,
975 3017 1032 3057 nec
1046 2998 1097 3057 ad·
1119 3012 1149 3058 10

142 3112 249 3153 versus
263 3103 409 3153 externos
422 3096 530 3154 studia
545 3094 679 3155 militum
695 3095 809 3174 quaeri.
847 3095 936 3155 Nihil
951 3094 1094 3154 relictum

142 3188 391 3269 imperatoribus,
410 3190 463 3249 ubi
483 3191 599 3251 femina
619 3191 792 3268 manipulos
813 3192 985 3265 intervisat,
1007 3191 1096 3270 signa

143 3287 245 3360 adeat,
266 3285 462 3364 largitionem
485 3298 596 3361 tentet,
618 3296 767 3366 tanquam
791 3307 900 3366 parum
929 3288 1092 3347 ambitiose

142 3382 241 3445 filium
263 3383 349 3445 ducis
372 3384 491 3462 gregali
515 3384 625 3445 habitu
650 3383 848 3446 circumferat
870 3385 1093 3468 Caesaremque
