2580 3944
143 153 188 218 58
435 167 633 217 uxorum
652 167 869 216 mmmm

144 344 173 386 15
195 326 394 386 matrimonia
420 345 456 386 ac
483 327 630 405 pecuuins
653 326 788 386 hostium
815 325 951 404 praeclue
978 326 1149 388 destinare.

196 423 304 482 Tertia
316 423 417 482 ferme
427 423 534 502 vigilis
547 424 731 483 assultotum
744 435 791 483 est
806 423 914 483 castris
924 423 992 484 sine
1002 425 1150 504 conjectu

197 521 262 593 teti,
272 535 435 600 postquam
446 520 568 580 crebras
581 541 639 600 pro
652 520 853 581 munimentis
863 522 1007 582 cohortes
1020 534 1053 582 et
1067 523 1149 582 nihil

196 619 356 677 remissum
370 638 501 700 sensere.

237 716 284 774 14„
326 714 400 774 Nox
423 716 533 774 eadem
557 716 672 775 laetam
691 716 877 776 Germanico
901 716 1038 796 quietem
1061 717 1148 789 tulit,

195 811 337 890 viditque
357 832 391 870 se
411 823 584 890 operatum,
597 827 629 872 et
649 813 800 892 sanguine
815 814 893 874 sacri
907 834 1047 893 respersa
1060 834 1149 893 prae·

195 918 285 966 texta
304 908 512 986 pulchriorem
532 910 624 967 alium
645 911 787 970 manibus
807 911 895 970 asise
915 913 1079 990 Augustae
1100 932 1149 971 ac-

195 1005 323 1083 cepisse.
362 1008 485 1064 Auctus
504 1007 619 1078 omine,
639 1007 857 1068 addicentibus
878 1008 1032 1086 auspiciis,
1053 1020 1148 1068 uocat

141 1116 158 1160 5
196 1102 376 1160 concionem
387 1112 419 1160 et
430 1121 509 1181 quae
522 1103 673 1181 sapientia
684 1105 808 1182 prosim
821 1115 956 1184 aptaque
968 1105 1148 1165 imminenti

193 1216 319 1278 pugnae
333 1198 466 1258 disserit.
500 1198 574 1258 Non
589 1220 716 1279 compos
728 1202 823 1260 modo
837 1202 930 1262 militi
944 1201 1090 1262 Romano
1104 1203 1149 1262 ad

193 1295 346 1375 proelium
359 1295 468 1367 bonos,
481 1296 537 1354 scd
551 1298 577 1355 si
590 1298 671 1357 rutio
685 1299 776 1371 adsit,
790 1299 884 1358 silvas
901 1310 935 1359 et
952 1299 1067 1372 mltum
1086 1319 1149 1360 nce

193 1392 279 1452 enim
291 1392 443 1452 immensa
455 1395 658 1454 barbarorum
671 1409 769 1468 scuta,
783 1395 920 1455 enormis
932 1395 1049 1467 hastas,
1061 1396 1149 1456 iuter

193 1499 322 1548 truncos
335 1488 479 1547 arborum
493 1501 526 1549 et
540 1503 633 1550 enata
646 1492 741 1551 humo
752 1492 888 1570 virgulta
898 1492 1028 1570 perinde
1037 1493 1148 1552 hateri
1164 1555 1169 1562 ,

141 1599 173 1645 lo
193 1605 285 1663 quum
299 1585 364 1662 pile
389 1596 422 1644 et
448 1587 571 1665 gladios
597 1598 631 1648 et
657 1588 818 1648 haerentia
844 1589 966 1668 corpori
993 1589 1148 1668 tegmina.

194 1681 372 1740 Densereut
386 1682 476 1756 ictus,
490 1704 546 1744 ora
559 1687 758 1745 mucronibus
771 1697 971 1766 quaererent:
991 1706 1053 1744 non
1075 1687 1148 1746 lori-

193 1798 263 1838 cam
276 1779 442 1855 Germano,
456 1803 517 1841 non
539 1783 671 1861 galeam,
684 1805 724 1844 ne
741 1796 831 1843 scota
843 1784 970 1862 quidem
982 1784 1064 1843 ferro
1076 1805 1149 1844 ner·

193 1896 275 1936 rore
295 1876 426 1950 firmata,
439 1880 495 1939 sed
509 1880 660 1940 viminum
674 1892 780 1940 textus
793 1882 844 1940 rel
858 1881 962 1940 tenuis
974 1891 1007 1940 et
1020 1881 1147 1942 fucatas

193 1975 297 2034 colore
324 1977 466 2049 tubulas3
498 1977 632 2056 primum
658 1991 827 2057 utcumque
853 1978 952 2037 aciem
977 1978 1147 2051 hasnum,

141 2087 173 2133 15
193 2076 304 2134 ceteris
317 2086 463 2153 praeusta
485 2085 539 2134 aut
556 2074 665 2133 brevis
684 2075 757 2134 tela.
796 2075 870 2134 Jum
889 2094 1003 2154 corpus
1023 2086 1060 2134 ut
1073 2075 1147 2137 risu

192 2183 319 2233 torvum
333 2186 366 2234 et
380 2174 420 2232 ad
434 2174 560 2232 brevem
582 2171 734 2250 impetum
747 2172 895 2243 validum,
908 2171 953 2230 sic
972 2171 1060 2230 nulla
1078 2174 1148 2232 vul-

192 2291 303 2331 nerum
321 2271 492 2350 patieutis:
512 2269 578 2328 sine
592 2269 712 2346 pudore
725 2268 846 2346 flagitii,
858 2268 926 2327 sine
939 2287 1014 2327 cura
1027 2268 1147 2329 ducum

193 2369 289 2441 abire,
316 2369 443 2447 fugere3
473 2362 605 2446 pavidos
631 2365 780 2437 adversis,
806 2367 891 2424 inter
915 2365 1054 2425 secunde
1079 2386 1146 2426 non

193 2466 301 2539 divini,
315 2487 378 2525 non
399 2466 526 2525 humaui
546 2463 626 2545 juris
645 2482 806 2522 memores
847 2461 882 2521 Si
902 2462 1007 2521 taedio
1021 2462 1147 2524 riarum

138 2576 171 2621 55
191 2581 228 2621 ac
240 2564 335 2622 maris
348 2563 441 2622 finem
457 2563 593 2640 cupiant,
602 2561 661 2619 hac
675 2560 740 2619 acie
755 2559 874 2637 parari:
887 2559 1065 2638 propiorem
1075 2561 1147 2640 jam

191 2660 298 2719 Albim
319 2679 412 2739 quam
432 2659 589 2730 Rhenum,
609 2677 709 2737 neque
729 2656 846 2715 bellum
866 2657 957 2728 ultra,
976 2656 1073 2716 modo
1099 2677 1147 2730 ne,

192 2757 290 2834 patris
310 2757 475 2836 patruique
495 2756 629 2835 vestigia
649 2765 851 2835 prementem,
871 2753 973 2812 isdem
994 2752 1030 2812 iu
1047 2755 1147 2816 tcn'n

191 2853 344 2911 rictorem
363 2854 517 2911 sisterent.

232 2949 281 3008 15.
315 2950 495 3008 Orationem
506 2949 595 3008 ducis
609 2961 733 3009 secutus
746 2948 879 3007 militurn
894 2946 996 3018 ardor,
1006 2945 1145 3025 sigum

191 3064 251 3124 que
267 3065 390 3124 pugnae
407 3047 524 3104 dutum.
566 3046 634 3104 Nec
649 3047 810 3105 Arminius
830 3054 884 3104 cut
904 3042 1001 3103 ceteri
1014 3041 1149 3105 Gem-

190 3163 301 3201 norum
322 3162 464 3221 proceres
488 3143 674 3202 omittebant
697 3163 769 3202 snos
791 3142 922 3222 quisque
941 3138 1063 3213 techni,
1083 3140 1147 3201 ltoe

163 3318 166 3323 Ι
190 3259 257 3298 esse
277 3239 436 3298 Romanos
455 3239 585 3298 Variani
606 3240 760 3298 exercitus
780 3238 1005 3317 fugacissimos,
1024 3236 1083 3316 qui
1101 3257 1147 3299 ne

136 3351 152 3393 5
190 3335 305 3394 bollum
321 3335 499 3407 tolerarent,
513 3336 698 3395 seditionem
719 3336 895 3406 induerint3
916 3354 1049 3414 quorum
1069 3353 1148 3413 pm

189 3444 301 3492 onusto
311 3432 491 3492 vulneribus
503 3443 603 3512 terga,
614 3453 686 3512 pars
698 3432 844 3492 fluctibus
857 3444 890 3491 et
905 3431 1052 3511 procellis
1063 3432 1148 3495 fno-
