2580 3944
139 151 184 215 54
417 171 615 220 nxcnsm
634 170 849 221 enarrans

191 329 264 388 dam
277 330 481 404 sectantium
501 331 665 410 enisaeque
683 329 822 410 legiones
834 339 1071 409 vesperascente
1091 331 1145 391 die

190 427 222 485 in
238 439 346 505 aperta
360 436 393 486 et
406 427 513 487 solida.
554 426 665 506 Neque
679 428 705 487 is
720 428 910 486 miseriarum
924 427 1011 487 finis:
1024 440 1146 488 struen-

190 523 267 583 dum
287 525 413 597 vallum,
433 524 588 602 petendus
607 543 710 604 agger,
728 525 839 584 amissa
859 544 972 604 magna
993 545 1032 583 ex
1052 536 1144 603 parte

190 640 247 699 per
266 641 345 699 quae
366 622 504 700 egeritur
523 623 634 680 humus
656 632 709 680 aut
729 621 884 681 exciditur
903 641 1051 700 caespes3
1078 642 1144 681 non

137 732 170 777 3⁰
190 718 326 777 tentoria
339 717 513 796 manipulis,
527 737 590 776 non
604 717 741 777 fomenta
754 719 882 791 sauciis3
901 718 1032 777 infectos
1045 738 1144 778 caeno

191 823 247 874 aut
266 834 375 873 eruore
395 815 481 874 eibos
502 815 687 886 dividentes,
707 814 847 874 funestas
869 816 1014 874 tenebras
1037 826 1070 874 et
1091 825 1144 875 tot

191 911 352 970 hominum
378 911 502 970 milibus
529 930 627 970 unum
649 912 716 990 jam
743 912 897 990 reliquum
920 911 1004 970 diem
1027 912 1145 971 lamen-

191 1008 348 1067 tabantur.

232 1104 281 1164 66.
322 1104 419 1163 Forte
432 1124 538 1183 equus,
552 1104 691 1184 abruptis
703 1105 835 1165 vinculis
849 1125 948 1185 vagus
961 1114 994 1164 et
1007 1106 1143 1165 elamore

191 1201 326 1273 territus,
337 1202 487 1280 quosdam
498 1202 724 1261 occurrentium
736 1203 924 1261 obturbavit.
951 1205 1054 1262 Tanta
1067 1203 1144 1261 iude

191 1298 402 1358 consternatio
416 1298 561 1377 irrupisse
580 1298 752 1358 Germanos
765 1299 967 1371 credentium,
980 1309 1016 1359 ut
1036 1300 1144 1358 euneti

191 1404 316 1454 ruerent
334 1395 374 1454 ad
394 1406 508 1474 portus,
522 1415 654 1475 quarum
672 1396 845 1455 decumana
864 1397 998 1455 maxime
1018 1397 1145 1475 peteba-

191 1504 250 1566 tur,
270 1511 378 1551 aversa
397 1492 480 1552 hosti
500 1504 532 1552 et
552 1493 743 1571 fugientibus
763 1494 871 1552 tutior.
913 1492 1047 1552 Caecina
1060 1513 1144 1552 eom·

191 1597 281 1666 perto
307 1605 421 1646 vanam
455 1606 521 1646 esse
557 1587 765 1659 formidinem,
793 1607 864 1647 eum
899 1596 1005 1647 tamen
1038 1606 1143 1667 neque

191 1684 377 1743 auctoritate
390 1703 490 1763 neque
504 1685 656 1762 preoibns,
670 1705 708 1743 ne
729 1704 823 1744 manu
844 1684 969 1764 quidem
991 1684 1143 1744 obsistere

192 1791 248 1841 aut
261 1781 395 1840 retinere
410 1781 539 1840 militem
554 1782 666 1861 quiret,
679 1783 838 1863 projeetus
858 1783 890 1842 in
910 1782 1017 1842 limine
1030 1794 1144 1862 portae

191 1880 388 1940 miseratione
412 1881 547 1954 demum,
568 1884 641 1962 quia
664 1903 855 1962 percorpus
883 1882 978 1961 legati
1001 1882 1142 1942 eundum

137 1996 169 2042 10
190 1994 265 2054 erat,
278 1984 389 2043 elausit
403 1984 502 2043 viam:
523 1984 614 2043 simul
628 1983 746 2043 tribuni
760 1995 793 2043 et
812 1982 1009 2042 centuriones
1028 1981 1143 2040 salsum

191 2100 339 2160 pavorem
353 2100 419 2141 esse
433 2081 616 2141 docuerunt.

231 2178 279 2238 67.
312 2181 401 2238 Tune
411 2190 588 2239 contractos
597 2180 628 2238 in
637 2179 966 2259 principia,jussosque
975 2177 1059 2238 dicta
1068 2195 1141 2236 eum

190 2274 313 2334 silentio
328 2276 475 2354 aooipere,
488 2276 637 2355 temporis
651 2295 687 2335 ao
701 2276 892 2336 necessitatis
906 2284 1030 2335 monet:
1045 2294 1141 2334 unam

190 2371 223 2428 in
243 2372 336 2431 armis
355 2372 495 2445 salutem,
513 2373 568 2432 sed
588 2392 625 2432 ea
646 2373 774 2431 oonsilio
795 2373 996 2451 temperanda
1016 2389 1143 2430 manen·

190 2467 326 2547 dumque
350 2469 432 2527 intra
455 2470 581 2542 vallum,
605 2468 706 2528 donee
732 2469 931 2546 expugnandi
955 2469 1061 2527 hostes
1085 2487 1141 2546 spe

136 2577 152 2622 5
189 2566 317 2644 propius
337 2566 555 2639 suecederent;
574 2585 647 2624 mox
668 2566 804 2644 undique
825 2564 1067 2643 erumpendum3
1086 2564 1142 2622 illa

191 2661 352 2739 eruptione
377 2662 416 2721 ad
438 2662 582 2721 Rhenum
607 2662 772 2740 perveniri.
813 2661 906 2733 Quod
931 2661 957 2720 si
984 2659 1141 2739 fugerent,

190 2758 288 2837 pluris
305 2759 406 2830 silvas,
419 2758 591 2838 profundas
610 2759 709 2838 magis
730 2760 868 2837 paludes,
889 2758 1052 2817 saevitiam
1072 2759 1142 2817 bos

191 2858 270 2913 tium
292 2874 469 2934 superesse;
495 2864 529 2915 at
552 2855 721 2915 victoribus
745 2855 849 2927 decus,
869 2854 1010 2934 gloriam.
1051 2853 1142 2924 ere

191 2950 276 3009 domi
297 2970 376 3023 cara,
390 2971 470 3030 qnae
490 2952 522 3011 in
543 2953 650 3011 eastris
671 2952 809 3022 honesta,
825 2961 995 3023 memorat;
1015 2950 1143 3012 reticuit

139 3061 170 3106 10
191 3046 231 3106 de
254 3047 401 3107 adversis.
441 3047 548 3127 Equos
572 3049 692 3121 dehine,
714 3069 802 3108 orsus
827 3068 845 3107 a
873 3048 943 3120 suis,
964 3048 1142 3126 legatorum

191 3143 447 3222 tribunorumque
466 3146 551 3204 nulla
569 3145 738 3205 ambitione
758 3144 927 3204 fortissimo
947 3144 1058 3223 cuique
1077 3143 1144 3203 bel·

192 3238 284 3297 latori
298 3240 404 3311 tradit,
419 3250 455 3300 ut
467 3241 508 3313 hi,
523 3261 595 3300 mox
609 3242 713 3320 pedes,
728 3243 758 3299 in
774 3243 896 3301 hostem
909 3241 1103 3301 invaderent.

140 3388 148 3401 ,
215 3335 281 3394 .68.
323 3335 419 3395 Haud
443 3337 544 3396 minus
570 3337 691 3416 inquies
715 3337 888 3396 Germanus
912 3357 975 3414 spe,
995 3336 1144 3414 cupidine

193 3443 227 3491 et
240 3432 370 3492 diversis
383 3433 497 3492 ducum
514 3434 677 3494 sententiis
693 3434 825 3514 agebat:
844 3432 988 3493 Arminio
1002 3432 1143 3494 sinerent
