2580 3944
467 157 666 208 axonam
686 157 903 208 nummus.

236 317 334 377 teritn
348 316 476 390 Galbae,
490 327 523 376 et
540 317 670 377 aderant
690 317 745 397 qui
765 334 851 376 artua
864 316 988 379 Vitelhi
1007 317 1190 398 bellumque

238 414 434 486 affirmarent,
449 413 559 474 anxius
579 415 692 487 animo,
711 415 817 492 paucis
837 414 1007 473 amicorum
1028 415 1189 487 adhibitis,

238 521 351 570 cuncta
377 511 533 589 utrimque
560 512 746 588 perlustrat:
780 511 806 570 si
833 521 978 589 pergeret
1005 511 1039 570 in
1067 511 1188 584 urbem,

237 607 355 666 nullam
369 607 461 665 officii
475 607 609 686 gratiam
623 607 655 666 in
671 607 798 666 alterius
818 608 969 666 honorem
989 607 1136 685 suscepti,
1151 626 1188 666 ac

184 720 214 764 20
236 723 268 763 se
296 703 427 765 Vitellio
455 703 520 762 sive
549 703 667 762 Othoni
694 703 836 762 obsidem
863 703 949 762 fore:
983 704 1031 763 sin
1059 703 1188 776 rediret,

237 801 387 860 offensam
414 799 498 859 haud
519 800 646 859 dubiam
665 799 805 872 victoris,
826 799 881 858 sed
908 799 1060 858 incertam
1085 799 1188 858 adhuc

237 896 401 956 victoriam
416 906 449 954 et
463 896 654 954 concedente
668 895 700 953 in
714 906 820 974 partes
834 907 923 974 patre
943 896 1042 955 filium
1062 915 1189 954 excusa·

237 1003 316 1053 tum.
359 992 414 1051 Sin
436 991 646 1070 Vespasianus
666 993 889 1070 rempublicam
913 992 1092 1072 susciperet,
1112 992 1189 1053 obli·

237 1088 419 1150 viscendum
433 1086 621 1147 offensarum
636 1087 771 1147 debello
786 1089 986 1168 agitantibus.

279 1187 308 1245 2.
343 1184 403 1243 His
423 1203 458 1243 ao
479 1184 593 1244 talibus
614 1184 697 1243 inter
718 1204 804 1263 spem
829 1195 1008 1264 metumque
1031 1185 1188 1263 jactatum

239 1302 308 1362 spes
323 1282 408 1341 vicit.
449 1280 590 1340 Fuerunt
605 1281 656 1359 qui
672 1300 835 1340 accensum
850 1280 1005 1341 desiderio
1019 1281 1188 1342 Berenices

238 1380 363 1459 reginae
385 1377 514 1437 vertisse
536 1378 595 1436 iter
616 1378 797 1452 crederent3
824 1398 925 1457 neque
953 1378 1140 1438 abhorrebat
1169 1399 1188 1437 a

238 1474 390 1535 Berenice
410 1473 558 1554 juvenihs
580 1474 709 1546 animus,
725 1474 780 1534 sed
794 1474 937 1552 gerendis
952 1475 1044 1534 rebus
1064 1476 1188 1534 nullum

239 1592 278 1631 ex
292 1591 330 1631 eo
344 1571 621 1649 impedimentum:
642 1571 756 1630 laetam
777 1571 990 1650 voluptatibus
1011 1571 1188 1631 adolescen-

239 1669 316 1729 tiam
330 1668 404 1746 egit,
419 1687 474 1726 suo
489 1686 581 1745 quam
595 1667 692 1745 patris
706 1667 837 1745 imperio
851 1668 1050 1727 moderatior.
1085 1667 1190 1746 Igitur

239 1783 326 1825 oram
349 1763 488 1822 Achaiae
517 1783 552 1823 ac
575 1763 670 1823 Asiae
698 1783 734 1824 ac
761 1764 850 1823 laeva
876 1763 968 1824 maris
995 1775 1189 1843 praevectus,

239 1861 387 1921 Rhodum
408 1872 440 1920 et
462 1860 601 1939 Cyprum
622 1861 744 1933 insulas,
760 1859 833 1919 inde
856 1859 978 1940 Syriam
1000 1860 1190 1921 audentiori-

240 1960 296 2018 bus
310 1958 417 2038 spatiis
431 1958 568 2036 petebat.
608 1957 714 2036 Atque
735 1957 822 2017 illum
840 1957 1097 2036 cupido·incessit
1118 1959 1190 2018 ade-

186 2071 218 2118 10
237 2057 314 2116 undi
341 2055 522 2134 visendique
551 2055 700 2133 templum
723 2053 861 2133 Paphiae
882 2052 1025 2128 Veneris,
1044 2055 1189 2116 inclitum

238 2174 294 2233 per
308 2153 469 2232 indigenas
484 2152 688 2231 advenasque.
730 2152 825 2212 Haud
838 2152 934 2212 fuerit
948 2153 1077 2233 longum
1097 2153 1190 2214 initia

239 2254 406 2333 religionis,
431 2253 541 2332 templi
568 2253 671 2326 ritum,
698 2253 831 2314 somnam
858 2254 937 2313 deae
962 2255 1077 2333 (neque
1103 2254 1190 2314 euim

240 2350 313 2409 alibi
328 2351 371 2409 sic
385 2349 530 2427 habetur)
545 2350 651 2428 paucis
665 2350 824 2410 disserere.

279 2449 306 2506 3.
337 2447 538 2507 Conditorem
553 2448 663 2526 templi
676 2467 781 2527 regern
793 2448 910 2508 Aeriam
924 2455 1016 2507 vetus
1029 2446 1190 2520 raemoria,

240 2545 364 2624 quidam
380 2545 474 2622 ipsius
490 2546 566 2603 deae
580 2565 692 2603 nomen
708 2546 739 2604 id
754 2545 926 2624 perhibent.
969 2544 1067 2605 Fama
1086 2562 1193 2603 recen·

239 2641 300 2699 tior
313 2642 411 2701 tradit
422 2661 440 2699 a
452 2640 566 2719 Cinyra
581 2653 734 2701 sacratum
750 2642 909 2719 templum,
920 2640 1075 2719 deamque
1088 2639 1193 2719 ipsam

240 2748 421 2816 conceptam
433 2737 509 2795 mari
523 2738 585 2796 hnc
599 2739 755 2815 appulsam
767 2757 776 2810 ς
790 2738 844 2797 sed
856 2736 1016 2797 scientiam
1026 2746 1193 2817 artemque

186 2848 202 2892 o
240 2833 437 2912 haruspicum
465 2834 603 2906 accitam,
632 2844 664 2893 et
692 2833 820 2894 Cilicem
847 2833 1005 2894 Tamiram
1038 2834 1193 2915 intulisse,

240 2940 333 3009 atque
354 2930 398 2990 ita
417 2939 551 3009 pactum,
566 2940 602 2989 ut
623 2930 758 2989 familiae
780 2931 940 3010 utriusque
960 2930 1076 3010 posteri
1097 2932 1195 2992 caeri-

237 3027 350 3086 moniis
370 3026 590 3105 praesiderent.
632 3025 717 3099 Mox,
738 3046 779 3086 ne
806 3027 924 3086 honore
951 3027 1038 3087 nullo
1064 3027 1195 3106 regium

239 3143 337 3201 genus
371 3124 563 3201 peregrinam
598 3123 724 3199 stirpem
760 3124 967 3196 antecelleret,
994 3123 1061 3202 ipsa
1077 3142 1195 3204 quam

239 3218 409 3278 intulerant
423 3220 550 3279 scientia
564 3220 702 3297 hospites
722 3238 858 3279 cessere:
879 3229 1001 3280 tantum
1016 3218 1196 3300 Cinyrades

187 3329 217 3375 10
237 3315 380 3374 sacerdos
407 3316 586 3374 consulitur.
628 3315 769 3389 Hostiae,
791 3325 826 3374 nt
852 3316 984 3395 quisque
1010 3315 1111 3389 vovit,
1134 3319 1195 3380 sed

239 3430 340 3471 mares
367 3410 564 3490 deliguntur:
595 3411 766 3471 certissima
792 3412 871 3471 fides
896 3412 1068 3472 haedorum
1095 3412 1197 3478 abda
