2580 3944
363 121 566 170 anamma
587 122 697 170 amna
717 120 901 180 cusanus.
1071 149 1074 154 -
1108 107 1151 170 69

186 279 216 342 6.
249 279 389 341 Gnarum
409 279 442 338 id
464 279 591 339 Tiberio
611 278 692 354 fuit3
716 291 811 358 utque
832 286 989 358 premeret
1010 278 1096 358 vulgi

144 395 313 450 sermones,
321 376 443 436 monuit
457 377 562 436 edicto
575 376 691 436 multos
706 376 872 435 illustrium
884 375 1097 435 Romanorum

145 473 186 533 ob
208 474 432 552 rempublicam
453 473 564 545 obisse,
587 473 744 531 neminem
766 483 830 531 tam
851 472 996 550 flagranti
1016 472 1097 532 desi-

145 569 232 629 derio
254 571 463 642 celebratum3
484 569 577 648 idque
599 580 631 628 et
652 569 709 627 sibi
731 581 764 627 et
784 571 904 627 ourmtis
926 569 1095 648 egregium,

144 653 295 726 simodus
310 666 510 746 adjiceretur.
545 666 1094 744 Nonenimeadomdecoraprinci·
1134 683 1149 728 a

144 763 236 842 pibus
246 762 321 822 viris
336 773 368 822 et
382 763 563 842 imperatori
578 763 702 840 populo,
714 783 792 841 quae
808 763 937 822 modicis
950 763 1094 824 domibus

144 869 200 920 aut
219 858 409 919 civitatibus·
452 858 640 918 convenisse
661 859 780 918 recenti
802 859 901 918 dolori
924 860 1042 918 luctum
1063 872 1095 920 et

144 975 184 1015 ex
204 974 344 1015 maerore
365 955 499 1028 solacia;
519 955 574 1014 sed
595 955 797 1013 referendum
813 955 880 1033 jam
902 955 1039 1014 animum
1055 956 1094 1014 ad

143 1051 377 1124 firmitudinem,
399 1061 435 1110 ut
456 1051 612 1130 quondam
634 1051 725 1110 divus
745 1050 846 1110 Julius
871 1052 983 1111 amissa
1004 1052 1095 1111 unica

144 1149 218 1223 filia,
232 1157 268 1208 ut
282 1147 374 1207 divus
388 1150 551 1226 Augustus
566 1148 681 1225 ereptis
703 1148 868 1225 nepotibus
890 1148 1096 1209 abstruserint
1117 1163 1148 1209 10

143 1245 312 1306 tristitiam.
355 1245 409 1306 Nil
432 1265 510 1324 opus
530 1244 753 1304 vetustioribus
775 1245 936 1323 exemplis,
951 1245 1094 1323 quotiens

144 1347 275 1424 populus
286 1345 447 1405 Romanus
461 1345 564 1403 clades
579 1344 781 1415 exercituum,
793 1343 954 1403 interitum
970 1344 1094 1418 ducum,

145 1441 285 1502 funditus
312 1441 439 1502 amissas
466 1440 585 1499 nobiles
613 1440 746 1499 familias
771 1450 950 1499 constanter
978 1442 1093 1501 tulerit.

144 1537 305 1617 Principes
316 1538 472 1611 mortales,
485 1537 706 1616 rempublicam
716 1548 872 1597 aeternam
885 1558 958 1596 esse.
997 1538 1093 1597 Proin

144 1645 320 1714 repeterent
347 1635 518 1708 sollemnia,
546 1644 579 1694 et
607 1635 681 1714 quia
714 1636 859 1694 ludorum
890 1635 1094 1713 Megalesium
1117 1651 1148 1695 15

144 1735 354 1812 spectaculum
368 1733 504 1807 suberat,
519 1732 613 1792 etiam
628 1733 805 1812 voluptates
819 1744 1018 1794 resumerent.

296 2319 553 2386 ANNALIUM
585 2320 728 2385 LIBER
759 2318 996 2399 QUARTUS.

184 2522 212 2578 1.
248 2519 283 2581 (l.
304 2519 415 2581 Asinio
436 2520 470 2582 (i.
486 2521 627 2581 Antistio
649 2519 835 2592 consulibus,
850 2538 948 2579 nonus
966 2516 1092 2578 Tiberio
1160 2544 1161 2548 ¹

143 2633 241 2675 annus
268 2626 336 2676 erat
370 2617 559 2697 compositae
593 2617 788 2695 reipublicae,
815 2615 954 2675 florentis
983 2616 1092 2675 domus

146 2716 232 2787 (nam
247 2711 422 2774 Germanici
438 2724 570 2773 mortem
585 2713 667 2772 inter
681 2733 829 2792 prospera
843 2713 1004 2789 ducebat),
1020 2732 1091 2772 cum

142 2819 271 2886 repente
286 2810 411 2868 turba-re
426 2811 553 2869 fortuna
568 2810 681 2888 coepit,
696 2810 815 2870 saevire
836 2810 901 2889 ipse
922 2820 976 2869 aut
997 2808 1092 2869 saevi-

142 2906 265 2964 entibus
281 2905 362 2964 vires
376 2907 532 2985 praebere.
560 2905 689 2965 Initium
705 2916 736 2965 et
751 2927 842 2966 causa
856 2927 950 2985 penes
965 2906 1093 2965 Aelium
1129 2919 1144 2964 ὅ

144 3000 290 3079 Sejanum
318 3003 496 3063 cohortibus
520 3003 682 3082 praetoriis
710 3003 912 3082 praefectum,
937 3004 1026 3082 cujus
1051 3003 1091 3061 de

141 3099 284 3175 potentia
308 3119 400 3178 supra
422 3100 611 3160 memoravi:
639 3120 721 3159 nunc
744 3100 905 3179 originem,
926 3119 1036 3172 mores,
1058 3106 1091 3158 et

142 3216 203 3274 quo
231 3195 369 3254 facinore
394 3197 640 3257 dominationem
664 3207 788 3275 raptum
812 3196 893 3269 ierit,
916 3196 1090 3276 expediam.

141 3291 273 3351 Genitus
287 3290 439 3353 Vulsiniis
453 3305 541 3372 patre
558 3293 630 3353 Seio
646 3293 797 3353 Strabone
819 3293 923 3371 equite
939 3292 1090 3362 Romanu,

140 3400 172 3449 et
194 3387 294 3468 prima
313 3389 446 3470 juventa
460 3389 570 3450 Caium
585 3389 749 3450 Caesarem
763 3388 830 3450 divi
844 3386 983 3468 Augusti
1001 3406 1093 3467 nepo
1113 3398 1144 3443 10
