2580 3944
379 126 581 175 antemon
602 126 712 175 mssa
734 125 884 173 eamus.
1108 102 1150 168 51

144 283 295 345 incedunt
311 293 446 344 maestos
464 284 548 343 locos
563 282 691 362 visuque
713 302 749 343 ac
770 281 917 342 memoria
937 281 1094 342 deformis.

146 381 254 442 Prima
270 379 348 440 Vari
369 390 469 440 castra
489 380 553 439 lato
574 380 692 438 ambitu
714 390 746 439 et
766 380 914 441 dimensis
934 379 1093 459 principiis

145 477 241 539 trium
269 475 427 556 legionum
457 495 566 536 manus
597 475 811 550 ostentabant3
846 476 918 535 dein
947 477 1095 537 semiruto

145 574 238 647 vallo,
251 572 360 633 humili
374 571 457 631 fossa
471 571 588 631 accisae
604 572 671 650 jam
691 571 837 650 reliquiae
858 572 1032 632 consedisse
1051 573 1095 631 in·
1115 586 1146 634 10

144 669 382 749 telligcbantur:
405 667 507 728 medio
522 667 622 746 campi
637 668 773 726 albentia
792 688 870 742 ossa,
886 678 920 728 ut
940 669 1096 748 fugerant,

144 777 182 828 ut
196 765 383 836 restiterant,
398 764 529 843 disjecta
542 765 590 822 vel
606 776 760 842 aggerata.
800 764 999 845 Adjacebant
1015 765 1096 845 frag-

144 863 230 923 mina
243 861 378 921 telorum
392 880 602 939 equorumque
613 873 708 933 artus,
720 860 810 919 simul
825 861 940 920 truncis
952 861 1095 922 arborum

145 957 281 1021 antefixa
308 975 371 1016 ora.
410 955 503 1015 Lucis
529 956 709 1035 propinquis
736 957 883 1016 barbarae
911 977 989 1031 arae,
1010 958 1093 1036 apud

145 1075 222 1136 quas
240 1052 384 1114 tribunos
397 1072 433 1113 ac
447 1052 617 1131 primorum
634 1053 778 1112 ordinum
801 1054 996 1114 centuriones
1017 1076 1096 1125 mao-
1116 1071 1147 1117 16

145 1161 299 1215 taverunt.
338 1149 381 1209 Et
396 1149 493 1210 cladis
514 1150 581 1230 ejus
603 1149 791 1227 superstites,
805 1170 942 1228 pugnam
962 1161 1016 1210 aut
1029 1151 1095 1211 vin-

145 1248 214 1309 cula
228 1247 334 1327 elapsi,
348 1246 524 1306 referebant
539 1245 589 1304 uic
603 1245 750 1305 cecidisse
765 1246 893 1324 legatos,
907 1246 971 1307 illic
991 1260 1094 1327 raptas

145 1345 279 1425 aquilas3
298 1345 430 1426 primum
445 1344 497 1402 ubi
512 1344 623 1403 vulnus
638 1343 725 1403 Varo
740 1345 894 1417 adactum,
909 1345 961 1403 ubi
976 1344 1094 1405 infelici

145 1441 276 1502 dextera
296 1453 328 1502 et
348 1462 404 1502 suo
425 1442 491 1501 ictu
512 1453 644 1502 mortem
664 1441 836 1515 invenerit3
864 1461 925 1520 quo
946 1441 1094 1502 tribunali

145 1538 346 1599 concionatus
373 1537 542 1610 Arminius,
570 1547 646 1616 quot
673 1537 813 1616 patibula
845 1538 987 1616 captivis,
1015 1558 1093 1617 quae
1113 1553 1145 1598 20

144 1635 277 1709 scrobes,
292 1646 387 1713 utque
401 1632 496 1712 signis
511 1644 543 1693 ct
558 1634 667 1713 aquilis
681 1653 736 1712 per
750 1635 924 1713 superbiam
939 1634 1080 1695 illuserit.

199 1731 246 1792 62.
286 1730 389 1812 Igitur
410 1731 570 1790 Romanus
587 1731 640 1810 qui
661 1731 770 1791 aderat
791 1732 955 1804 exercitus,
970 1741 1093 1791 sextum

144 1838 215 1908 post
229 1829 325 1890 cladis
340 1849 464 1902 annum,
476 1828 570 1889 trium
584 1828 742 1908 legionum
756 1849 834 1902 ossa,
847 1830 930 1889 nullo
945 1838 1092 1888 noscente

145 1925 259 1988 alienas
279 1927 425 2007 reliquias
446 1945 485 1986 au
507 1945 632 1987 suorum
662 1928 757 1987 humo
778 1936 912 2006 tegeret,
930 1947 1036 1987 omnes
1057 1935 1092 1986 ut

144 2025 334 2105 conjunctos,
363 2035 398 2084 ut
426 2024 680 2103 consanguineos,
711 2035 802 2084 atrata
829 2025 860 2084 in
888 2026 1010 2084 hostem
1038 2023 1092 2097 ira,

143 2122 253 2182 maesti
268 2123 358 2183 simul
373 2133 405 2182 et
418 2121 528 2181 infensi
543 2121 729 2180 condebant.
765 2123 905 2182 Primum
920 2123 1092 2182 extruendo

143 2220 265 2279 tumulo
279 2219 447 2299 caespitem
463 2220 575 2280 Caesar
588 2219 702 2297 posuit,
716 2219 890 2297 gratissimo
911 2239 1038 2278 munere
1059 2219 1091 2279 in

144 2315 308 2377 defunctos
322 2326 355 2376 ct
368 2316 580 2395 praesentibus
595 2316 710 2375 doloris
724 2315 833 2375 socius.
863 2315 954 2388 Quod
967 2315 1091 2375 Tiberio

143 2411 226 2470 haud
242 2413 415 2492 probatum,
431 2433 484 2472 seu
499 2422 611 2472 cuncta
625 2411 800 2471 Germanici
822 2411 853 2470 in
875 2411 1013 2471 deterius
1032 2420 1092 2470 tra-

142 2508 239 2582 henti,
254 2509 319 2568 sive
336 2509 506 2569 exercitum
526 2509 660 2590 imagine
680 2528 837 2569 caesorum
858 2507 1094 2586 insepultorum-
1115 2523 1144 2568 10

143 2625 202 2684 que
216 2607 374 2666 tardatum
396 2606 436 2665 ad
458 2606 575 2684 proelia
599 2617 631 2667 et
656 2605 933 2666 formidolosiorem
954 2603 1090 2663 hostium

144 2703 305 2776 credebat;
320 2722 420 2781 neque
434 2702 654 2780 imperatorem
666 2711 817 2781 auguratu
830 2710 861 2761 ct
872 2700 1090 2760 vetustissimis

143 2798 336 2859 caerimoniis
351 2799 525 2877 praeditum
540 2810 705 2858 attrectare
719 2798 827 2858 feralia
841 2797 993 2857 debuisse.

196 2896 244 2954 63.
287 2894 351 2954 Sed
369 2895 568 2954 Germanicus
590 2896 751 2955 cedentem
772 2895 804 2954 in
825 2895 896 2954 avia
913 2893 1091 2953 Arminium

142 2999 275 3064 secutus,
290 2991 341 3050 ubi
357 2991 490 3070 primum
505 2991 594 3070 copia
614 2992 684 3064 fuit,
698 2991 789 3050 evehi
803 2991 922 3070 equites
937 3009 1091 3068 campum-

142 3106 212 3165 que,
228 3106 319 3165 quem
332 3087 429 3147 hostis
443 3087 607 3159 insederat,
622 3087 701 3166 eripi
717 3089 815 3167 jubet.
856 3086 1016 3146 Arminius
1031 3087 1091 3146 ccl-

142 3182 198 3262 ligi
215 3202 286 3242 suos
306 3192 338 3244 et
356 3179 559 3263 propinquare
577 3183 661 3243 silvis
680 3183 815 3244 monitos
833 3184 928 3244 vertit
945 3191 1089 3262 repente:

141 3299 215 3338 mox
229 3278 351 3358 signum
366 3280 587 3359 prorumpendi
602 3280 690 3340 dedit
709 3280 745 3340 iis
760 3301 836 3360 quos
854 3299 911 3359 per
929 3281 1025 3339 saltus
1041 3297 1090 3337 oc·
1127 3292 1142 3337 5

142 3377 325 3437 cultoverat.
368 3376 456 3437 Tunc
470 3397 551 3437 nova
565 3377 630 3438 acie
645 3378 786 3438 turbatus
800 3396 903 3457 eques,
917 3375 1089 3454 missaeque
