2580 3944
236 166 302 231 tlt
519 180 716 229 uacuum
737 178 955 229 cammah.

289 338 367 417 cipis
390 338 627 410 interciderunt,
648 338 749 417 pauci,
768 349 803 398 ut
817 338 871 397 -sic
893 338 1036 414 dixerim,
1060 360 1125 400 uon
1149 342 1250 402 modo

235 451 267 495 ta
288 435 418 494 aliorum
433 435 487 493 sed
502 436 595 493 etiam
610 436 710 494 nostri
724 436 906 513 superstites
921 456 1035 507 sumus,
1048 440 1208 517 exemptis
1230 459 1248 497 e

288 532 392 590 media
413 532 477 591 rita
497 544 546 591 tot
567 532 665 603 annis,
686 532 799 610 quibus
821 534 953 612 juvenes
973 533 1015 592 ad
1034 548 1248 607 senectutem,

288 648 377 688 senes
391 648 487 706 prope
501 630 540 687 ad
556 628 640 706 ipsos
653 644 781 687 exactae
795 629 906 688 aetatis
920 630 1069 689 terminos
1082 650 1140 709 per
1154 632 1249 690 silen-

289 726 368 784 tium
383 725 534 784 acuimus.

329 824 357 880 4.
385 822 511 880 Gnaeus
524 822 628 881 Julius
642 821 801 899 Agricola,
814 832 921 880 vetere
935 834 966 881 et
981 822 1096 881 illustri
1111 823 1249 904 Foroju-

288 918 432 978 liensium
452 918 574 976 colonia
593 932 690 989 ortus,
710 934 873 997 utrumque
893 937 988 976 arum
1008 932 1249 997 procuratorem

290 1016 457 1074 Caesarum
472 1014 590 1085 habuit,
604 1034 682 1093 quae
703 1014 855 1092 equestris
876 1013 1022 1073 nobilitas
1043 1026 1101 1073 est.
1146 1017 1248 1075 Pater

288 1111 393 1172 Julius
414 1110 584 1170 Graecinus
604 1112 751 1170 senatorii
772 1111 900 1175 ordinis,
913 1110 1019 1170 studio
1039 1111 1244 1190 eloquentiae

288 1207 517 1286 sapientiaeque
540 1222 643 1279 notus,
664 1208 762 1287 iisque
786 1207 862 1286 ipsis
887 1207 1055 1266 virtutibus
1079 1208 1158 1267 iram
1184 1209 1245 1269 Cai

290 1305 430 1366 Caesaris
444 1304 593 1364 meritus:
614 1325 748 1383 namque
763 1304 807 1363 al.
823 1304 963 1364 Silanum
978 1323 1122 1363 accusare
1132 1306 1243 1383 jussus

290 1415 332 1475 et,
346 1404 418 1483 quia
432 1402 591 1473 abnuerat,
605 1403 786 1462 intersectas
800 1414 857 1461 est.
885 1401 988 1460 Mater
1001 1400 1023 1461 J
1026 1401 1088 1460 ulia
1102 1400 1247 1462 Procilla

288 1501 360 1572 fuit,
387 1519 475 1558 rarae
502 1499 675 1558 castitatis:
706 1499 739 1559 iu
767 1500 860 1578 hujus
887 1498 956 1557 sinu
984 1498 1246 1579 indulgentiaque

289 1599 439 1657 educatus
454 1617 646 1676 peromnem
662 1597 862 1655 honestarum
877 1595 989 1654 artium
1005 1595 1125 1654 cultum
1140 1597 1245 1674 pueri-

236 1711 268 1757 ιο
288 1697 365 1755 tiam
392 1695 692 1773 adolescentiamque
725 1692 885 1771 transegit.
933 1691 1073 1751 Arccbat
1098 1712 1174 1752 eum
1200 1694 1244 1752 ab

290 1794 442 1854 illecebris
452 1793 639 1872 pecantiam,
651 1804 772 1870 praeter
786 1790 883 1870 ipsius
896 1790 1010 1850 bonam
1021 1790 1244 1872 integramque

289 1904 443 1961 naturam,
465 1890 548 1969 quod
570 1890 677 1949 statim
700 1890 847 1968 parvulus
870 1888 976 1948 sedem
996 1907 1033 1948 ac
1056 1889 1243 1968 magistram

289 1988 462 2047 studiorum
479 1986 646 2046 Massiliam
660 1987 780 2057 habuit,
795 1986 896 2046 locum
912 1985 1030 2044 Graeca
1043 1986 1196 2046 comitate
1211 2002 1247 2048 et

289 2085 471 2165 provinciali
496 2084 682 2163 parsimonia
704 2084 839 2142 mixtum
862 2102 898 2142 ac-
920 2083 999 2141 bene
1020 2083 1245 2161 compositum.

173 2235 177 2241 .
236 2197 268 2243 15
289 2182 442 2242 Memoria
469 2196 562 2240 tenco
590 2182 716 2240 solitum
744 2181 847 2259 ipsum
871 2198 997 2238 narrare
1024 2198 1057 2238 se
1085 2180 1189 2257 prima
1210 2181 1244 2241 iu

286 2281 418 2358 juventa
437 2279 575 2338 studium
596 2278 809 2356 philosophiae
830 2276 941 2349 acrius,
956 2276 1152 2354 ultraquam
1174 2298 1248 2336 con·

290 2398 410 2438 cessum
435 2377 577 2436 Romano
605 2395 641 2434 ac
669 2375 814 2447 senatori,
840 2373 988 2445 hausisse,
1013 2373 1047 2432 ni
1074 2373 1248 2451 prudentia

289 2476 398 2534 matris
423 2474 581 2533 incensum
606 2491 642 2530 ac
665 2472 849 2550 flagrantem
877 2470 1016 2529 animum
1042 2470 1247 2531 coercuisset

292 2571 416 2630 Scilicet
432 2570 563 2629 sublime
581 2581 612 2627 et
634 2584 773 2627 erectum
793 2568 952 2646 ingenium
973 2566 1248 2645 pulchritudinem

236 2682 269 2728 aa
290 2686 325 2726 ac
349 2668 483 2746 speeiem
506 2683 636 2744 magnae
659 2666 859 2743 excelsaeque
882 2664 1000 2742 gloriae
1025 2663 1249 2725 vehementius

291 2783 383 2841 quam
404 2776 494 2821 caute
515 2761 700 2840 appetebat:
721 2782 793 2820 mox
815 2760 971 2839 mitigatit
992 2760 1073 2819 ratio
1092 2770 1126 2819 et
1148 2776 1248 2835 aetas,

290 2859 489 2936 retinuitque.
500 2858 583 2935 quod
595 2872 640 2915 est
653 2856 877 2917 difficillimum.
887 2877 926 2915 ex
938 2856 1091 2935 sapientia
1101 2857 1246 2917 modum.

332 2955 359 3010 5.
387 2953 493 3012 Prima
503 2968 675 3012 castrorum
685 2954 861 3012 rudimenta
873 2953 903 3010 in
915 2953 1080 3011 Britannia
1089 2952 1249 3013 Suetonio

291 3050 435 3121 Paulino,
446 3049 590 3128 diligenti
602 3070 637 3109 ac
652 3050 812 3108 moderato
823 3048 905 3113 duci.
916 3048 1112 3129 approbarit,
1123 3048 1248 3111 electus

291 3167 383 3225 quem
397 3145 601 3205 contubernio
622 3146 808 3205 aestimaret.
850 3145 918 3204 Nec
932 3146 1081 3224 Agricola
1102 3144 1248 3219 licenter,

290 3262 377 3301 more
390 3245 537 3322 juvenum
551 3243 603 3320 qui
619 3243 762 3301 militiam
776 3242 808 3299 in
823 3241 981 3301 lasciviam
993 3254 1129 3311 vertunt,
1140 3261 1248 3322 neque

238 3355 253 3400 5
291 3338 428 3416 seguiter
438 3340 477 3399 ad
489 3339 665 3417 voluptates
676 3353 706 3399 et
719 3350 910 3398 commeatus
924 3338 1051 3398 titulum
1066 3338 1249 3399 tribunatus

291 3446 324 3493 et
351 3434 505 3497 inscitiam
532 3436 673 3495 rettulit:
700 3435 753 3494 sed
777 3454 903 3493 nosteae
927 3435 1130 3512 provinciam,
1155 3437 1247 3495 nosci
