2580 3944
806 78 846 99 's

164 143 229 208 118
445 158 642 207 axonam
663 116 880 208 noim

217 317 297 396 capi.
341 316 429 375 Idem
450 316 597 376 audaciae
617 337 674 395 per
693 317 839 376 tenebras
862 314 1116 395 irrumpentibus,
1137 328 1171 376 et

217 415 366 491 majorem
381 413 522 491 rapiendi
536 413 712 473 licentiam:
732 413 818 492 quod
838 412 865 471 si
886 413 988 472 lucem
1007 412 1171 491 opperian-

217 521 276 581 tur,
286 511 351 588 jam
366 529 483 587 pacem,
494 510 558 589 jam
574 529 691 588 preces,
703 522 735 569 et
749 529 805 587 pro
819 509 925 568 labore
938 527 976 567 ae
988 509 1171 569 vulneribus

165 621 196 667 ιο
217 606 412 666 clementiam
435 616 467 666 et
487 605 628 684 gloriam,
642 605 756 678 inania,
771 607 905 679 laturos3
924 604 981 664 sed
1001 625 1076 684 opes
1097 607 1170 666 Ore

218 702 412 762 monensium
434 703 465 762 in
487 703 556 762 sinu
577 703 803 782 praefectorum
831 701 1065 780 legatorumque
1090 701 1170 762 iore.

219 799 425 878 Expugnatae
453 799 537 858 urbis
563 798 711 876 praedam
739 797 779 856 ad
807 797 948 870 militem,
976 799 1102 858 deditae
1129 798 1171 857 ad

219 897 313 955 duces
336 896 499 974 pertinere.
541 895 736 974 Spernuntur
758 894 958 954 centuriones
982 894 1170 975 tribunique,

220 1012 255 1051 ac
269 1012 308 1050 ne
324 1012 385 1051 vox
399 994 583 1071 cujusquam
604 991 758 1063 audiatur,
773 990 918 1070 quatiunt
938 1009 1033 1064 arma,
1047 991 1170 1070 mptnri

168 1104 197 1147 15
219 1088 390 1166 imperium,
405 1090 438 1146 ni
453 1089 616 1148 ducantur.

260 1185 308 1243 20.
337 1184 417 1242 Tum
430 1184 586 1243 Antonius
601 1185 737 1243 inserens
749 1204 781 1243 se
793 1184 968 1263 manipulis,
979 1184 1032 1243 ubi
1043 1194 1171 1264 aspectu

220 1293 254 1340 et
277 1281 461 1340 auctoritate
484 1281 642 1341 silentium
665 1281 791 1354 iecerat,
811 1302 873 1341 uon
896 1301 929 1341 se
953 1282 1047 1341 deciis
1068 1301 1171 1360 neque

221 1378 354 1457 pretium
369 1377 488 1455 eripere
503 1387 567 1436 tam
581 1377 661 1436 bene
676 1378 796 1438 meritis
810 1378 992 1450 affirmabat,
1002 1378 1057 1437 sed
1071 1378 1173 1437 divisa

221 1477 303 1534 inter
317 1476 488 1534 exercitum
502 1474 657 1553 ducesque
677 1475 802 1534 munia:
822 1474 972 1534 militibus
991 1474 1171 1554 cupidinem

220 1571 379 1650 pugnandi
401 1570 586 1643 convenire3
613 1571 708 1631 duces
728 1570 932 1651 providendo,
952 1571 1169 1643 consultando,

222 1667 418 1727 cunctatione
434 1666 555 1744 saepius
570 1686 662 1747 quam
676 1668 854 1728 temeritate
868 1667 1023 1745 prodesse.
1051 1666 1100 1727 Ut
1114 1687 1169 1745 pro

222 1763 304 1823 virili
318 1765 461 1841 portione
476 1762 569 1822 armis
582 1783 619 1823 ac
632 1783 727 1823 manu
738 1763 898 1823 victoriam
911 1763 1041 1843 juverit,
1052 1763 1172 1823 ratione

222 1871 254 1919 et
275 1860 412 1931 consilio,
432 1859 563 1938 propriis
583 1860 672 1920 ducis
692 1861 821 1933 artibus,
835 1860 1052 1939 profuturum
1071 1879 1172 1938 neque

222 1956 305 2014 enim
327 1956 473 2035 ambigua
494 1976 560 2016 esse
581 1977 660 2036 quae
674 1968 846 2027 occurrant,
861 1967 984 2015 noctem
999 1966 1032 2016 et
1045 1957 1171 2035 ignotae

170 2069 199 2112 10
220 2053 313 2111 situm
329 2052 421 2125 urbis,
438 2053 520 2112 intus
534 2054 640 2113 hostes
660 2063 693 2113 et
712 2063 825 2112 cuncta
843 2052 964 2112 insidiis
980 2062 1171 2131 opportuna:

222 2170 284 2209 non
296 2150 320 2208 si
332 2160 460 2229 pateant
471 2160 587 2228 portae,
598 2149 657 2208 nisi
668 2150 839 2228 explorato,
847 2148 906 2208 nisi
917 2149 968 2208 die
982 2146 1171 2207 intrandum.

222 2248 274 2306 An
299 2246 565 2326 oppugnationem
592 2245 791 2305 inchoaturos
818 2245 966 2323 adempto
992 2244 1078 2304 omui
1105 2265 1173 2322 prn-

222 2357 340 2422 speotu,
363 2345 431 2423 quis
453 2363 568 2423 aequus
592 2343 688 2415 loeus,
707 2353 824 2421 quanta
847 2342 981 2402 altitudo
1004 2341 1172 2412 moenium,

223 2442 427 2500 tormentisne
441 2451 473 2499 et
488 2441 559 2499 telis
574 2459 611 2498 au
627 2439 772 2518 operibus
792 2448 825 2498 et
843 2437 942 2498 vineis
962 2437 1173 2516 aggredienda

170 2552 201 2595 15
222 2537 294 2596 urbs
308 2538 409 2596 soret?
450 2537 527 2596 Mox
548 2555 714 2596 conversus
735 2535 774 2594 ad
796 2535 943 2613 singulos,
958 2554 1032 2593 uum
1051 2553 1173 2592 secures

223 2634 425 2713 dolabrasque
440 2647 472 2694 et
486 2644 589 2694 cetera
602 2632 819 2712 expugnandis
833 2631 959 2690 urbibus
972 2650 1077 2689 secum
1093 2640 1175 2689 attu-

224 2731 339 2802 lissent,
351 2732 515 2810 rogitabat.
543 2731 667 2790 Etcum
679 2731 860 2802 abnuerent,
874 2735 882 2764 ‘
889 2728 1058 2808 gladiisne'
1073 2727 1174 2806 inquit

224 2839 272 2886 ‘et
297 2829 366 2905 pilis
392 2828 583 2907 perfringere
605 2847 642 2887 ac
664 2827 812 2887 submere
840 2845 943 2885 muros
965 2825 1045 2883 ullae
1064 2843 1174 2882 manus

225 2925 377 3002 possunt?
397 2925 422 2983 si
440 2944 585 3002 aggerem
605 2934 734 2995 struere,
749 2923 774 2982 si
789 2923 903 3002 pluteis
919 2920 1094 2981 cratibusve
1108 2940 1175 2998 pro-

171 3035 202 3078 20
223 3021 287 3097 tegi
303 3040 425 3080 necesse
446 3022 550 3093 fuerit,
565 3032 601 3080 ut
621 3022 733 3099 vulgus
752 3019 964 3098 improvidum
984 3016 1065 3076 irriti
1084 3016 1176 3075 stabi-

224 3137 303 3188 mus,
311 3117 506 3178 altitudinem
516 3118 647 3177 turrium
655 3128 688 3176 et
697 3116 797 3175 aliena
805 3116 1000 3175 munimenta
1008 3112 1175 3174 mirantes?

225 3213 299 3291 quin
328 3212 431 3290 potins
458 3233 545 3272 mora
577 3213 678 3274 noctis
711 3213 811 3285 unius,
838 3212 977 3271 advectis
1011 3207 1175 3271 tormentis

225 3309 446 3386 machinisque,
474 3309 539 3366 vim
566 3309 789 3387 victoriamque
816 3308 979 3367 nobiscum
1005 3304 1175 3366 ierimusi'

228 3405 327 3463 Simul
361 3404 438 3462 lixas
466 3405 650 3483 calonesque
677 3426 748 3464 oum
781 3403 1003 3463 recentissimis
1036 3402 1176 3482 equitum

174 3514 206 3556 25
229 3500 412 3560 Bedriacum
428 3500 536 3572 mittit,
550 3501 654 3579 copias
668 3513 833 3576 ceteraque
847 3499 914 3559 usui
930 3500 1086 3557 allaturos.
