2580 3944
358 144 617 196 assemanum
638 144 750 192 urana
774 117 923 192 innius.
1101 128 1142 191 83

142 286 304 370 ambitiose
318 306 473 380 coluerat3
493 323 566 364 mox
583 303 703 364 «attritis
723 303 842 382 opibus,
857 302 975 363 lubrico
995 312 1089 376 statu,

142 414 286 485 suspecta
312 403 406 463 etiam
429 401 551 462 Claudii
571 400 738 473 iracundia,
761 401 792 460 iu
821 411 974 460 secretum
995 400 1088 459 Asiae
1127 416 1142 460 5

142 503 294 583 sepositus
314 512 378 560 tam
393 518 487 578 prope
503 499 541 558 ab
557 499 646 557 exule
661 499 722 556 fuit
737 519 828 576 quam
844 511 951 576 postea
972 519 990 557 a
1010 497 1090 576 prin-

143 600 220 679 cipe.
261 598 397 657 Luxuria
424 595 585 669 industria,
613 595 759 653 comitate
788 595 970 672 arrogantia,
999 595 1088 654 malis

142 697 291 776 bonisque
306 695 422 754 artibus
436 693 570 752 mixtus:
592 693 703 750 nimiae
720 693 903 770 voluptates,
918 711 988 750 cum
1004 711 1091 750 vaea-

143 804 208 867 ret3
229 793 371 872 quotiens
386 790 572 869 expedierat,
588 808 718 867 magnae
734 789 882 862 virtutes3
904 789 1007 866 palam
1029 788 1091 846 lau·

92 952 95 956 ,
144 891 241 964 dares,
266 899 384 949 secreta
411 888 491 946 male
522 886 706 946 audiebant:
736 885 790 945 sed
819 887 901 964 apud
930 886 1145 964 subjectorum

144 987 225 1065 apud
246 985 409 1064 proximos,
425 983 508 1062 apud
531 984 664 1061 collegas
685 983 777 1041 variis
799 983 949 1042 illecebris
971 994 1090 1061 potens,

144 1093 177 1141 et
198 1082 246 1141 cui
268 1081 441 1160 expeditius
461 1080 555 1139 fuerit
580 1079 703 1139 tradere
731 1079 892 1157 imperium
921 1099 1012 1158 quam
1041 1080 1092 1138 ob

145 1179 252 1239 tinere.
281 1179 402 1237 Bellum
417 1177 437 1238 J
440 1178 583 1237 udaicum
598 1176 725 1235 Flavius
739 1175 948 1251 Vespasianus
965 1176 1091 1252 (ducem

145 1296 216 1335 eum
236 1275 322 1336 Nero
343 1277 513 1355 delegerat)
531 1276 629 1334 tribus
651 1273 823 1351 legionibus
846 1273 1090 1333 administrabat.

145 1371 214 1431 Nec
228 1373 419 1451 Vespasiano
441 1373 587 1431 adversus
603 1371 733 1430 Galbam
750 1380 857 1428 votum
879 1379 933 1428 aut
955 1369 1091 1430 animus:
1115 1386 1146 1430 15

146 1470 257 1549 quippe
272 1469 378 1530 Titum
393 1471 490 1529 filium
512 1469 551 1528 ad
573 1468 804 1528 venerationem
826 1468 1006 1546 cultumque
1027 1468 1092 1545 ejus

146 1567 277 1640 miserat,
299 1577 334 1626 ut
357 1587 413 1626 suo
441 1567 509 1626 loco
532 1566 780 1628 memorabimus.
823 1564 953 1624 Occulta
981 1565 1036 1624 fati
1060 1576 1093 1626 et

146 1664 275 1723 ostentis
289 1683 324 1723 ac
338 1663 491 1743 responsis
510 1664 699 1723 destinatum
714 1662 906 1741 Vespasiano
928 1662 1093 1743 liberisque

146 1763 210 1838 ejus
225 1761 385 1839 imperium
399 1770 471 1840 post
484 1760 641 1820 fortunam
656 1761 853 1820 credidimus.

188 1859 233 1917 11.
266 1859 447 1938 Aegyptum
472 1859 644 1938 copiasque,
667 1859 777 1938 quibus
806 1867 1008 1931 coerceretur,
1025 1859 1092 1936 jam

146 1952 218 2012 inde
239 1973 257 2013 a
278 1955 350 2014 divo
375 1957 521 2033 Augusto
551 1954 669 2032 equites
691 1953 825 2014 Romani
854 1955 996 2013 obtinent
1027 1954 1093 2012 loco

146 2070 270 2130 regum:
283 2051 328 2110 ita
343 2053 441 2112 visum
456 2051 609 2130 expedire,
622 2051 811 2129 provinciam
827 2051 912 2109 aditu
928 2051 1091 2122 difficilem,

147 2166 284 2207 annonae
299 2147 473 2221 fecundam,
488 2149 705 2226 superstitione
724 2168 759 2207 ac
780 2147 906 2206 lascivia
920 2148 1094 2207 discordem

147 2254 179 2303 et
206 2244 360 2315 mobilem,
384 2244 511 2303 insciam
540 2244 652 2321 legum,
676 2243 815 2322 ignaram
844 2246 1092 2324 magistratuum,
1132 2259 1147 2302 5

147 2341 252 2400 domui
279 2341 420 2400 retinere.
468 2341 612 2419 Regebat
640 2349 708 2399 tum
735 2340 877 2401 Tiberius
906 2343 1093 2415 Alexander,

146 2439 287 2517 ejusdem
304 2437 446 2497 nationis.
488 2437 595 2497 Attica
609 2457 645 2495 ac
659 2437 796 2516 legiones
818 2438 848 2497 in
871 2458 916 2509 ea,
932 2440 1095 2498 interfecto

147 2536 257 2596 Clodio
271 2535 387 2605 Macro,
403 2546 550 2595 contenta
565 2535 780 2616 qualicumque
796 2536 933 2614 principe
954 2546 1026 2614 post
1047 2555 1096 2594 ex·

145 2633 352 2710 perimentum
373 2630 490 2692 domini
508 2632 643 2692 minoris.
685 2632 774 2691 Duae
789 2631 1003 2703 Mauritaniae,
1018 2632 1096 2692 Rae·

145 2729 199 2800 tia,
223 2728 382 2798 Noricum,
406 2730 556 2789 Thraecia
584 2739 615 2789 et
639 2749 717 2808 quae
742 2730 819 2790 aliae
844 2728 1093 2807 procuratoribus
1116 2743 1146 2787 10

133 2825 336 2894 cohibentur,
352 2832 386 2881 ut
400 2825 510 2904 cuique
530 2827 680 2886 exercitui
695 2826 823 2899 vicinae,
838 2826 882 2886 ita
902 2826 934 2884 in
955 2824 1096 2884 favorem

148 2928 201 2977 aut
220 2918 326 2977 odium
346 2930 492 2980 contactu
507 2921 713 2981 valentiorum
735 2922 914 3001 agebantur.
956 2919 1096 2980 Inermes

147 3012 332 3090 provinciae,
346 3020 438 3094 atquc
456 3016 524 3095 ipsa
545 3016 575 3074 in
597 3018 704 3094 primis
720 3018 819 3089 ltalia,
835 3016 1016 3096 cuicumque
1037 3037 1098 3076 ser-

148 3109 226 3168 vitio
247 3107 393 3185 exposita,
414 3111 446 3170 in
467 3110 602 3190 pretium
624 3112 698 3171 belli
726 3132 867 3172 cessurae
896 3121 992 3171 erant.
1034 3112 1097 3172 Hic

147 3204 206 3264 suit
235 3224 338 3264 rerum
365 3205 577 3266 Romanarum
606 3217 713 3281 status,
742 3227 813 3266 cum
843 3207 970 3267 Servius
999 3208 1098 3268 Galba
1119 3223 1149 3267 15

147 3303 261 3362 iterum
283 3301 374 3362 Titus
395 3303 509 3364 Vinius
530 3303 671 3363 consules
698 3305 881 3365 inchoavere
903 3323 1018 3366 aunum
1040 3305 1097 3366 sibi

147 3401 299 3475 ultimum,
312 3400 500 3482 reipublicae
514 3419 610 3482 prope
624 3421 811 3484 supremum.
