2580 3944
168 132 232 199 110
450 150 647 200 monam
669 150 886 201 ramrraus.

293 501 630 570 HISTORIARUM
662 505 806 570 LIBER
839 505 1054 573 TERTIUS.

263 708 290 763 1.
321 702 451 762 Meliore
466 703 532 763 fato
546 704 669 784 fideque
684 705 818 784 partium
833 705 1056 767 Flavianarum
1078 708 1177 770 duces

222 801 350 861 consilia
364 801 437 859 belli
453 802 638 860 tractabant.
681 801 905 863 Poetovionem
922 805 953 862 in
968 805 1097 865 hiberna
1111 816 1178 865 ter-

222 900 283 959 tiae
312 899 460 958 decumae
495 897 626 976 legionis
653 911 883 959 convenerant:
918 900 981 959 illic
1014 901 1176 980 agitavere

222 996 399 1074 placeretne
427 994 545 1054 obstrui
572 994 753 1055 Pannoniae
777 996 885 1075 Alpes,
911 997 1011 1057 donec
1038 1017 1056 1057 a
1082 1010 1177 1077 tergo

168 1108 184 1151 5
223 1093 304 1151 vires
318 1093 479 1150 universae
494 1104 724 1170 consurgerent,
740 1112 778 1151 an
800 1093 845 1152 ire
866 1093 1038 1154 comminus
1058 1103 1090 1154 et
1112 1115 1177 1153 cer-

222 1200 289 1248 tare
317 1208 374 1266 pro
402 1187 495 1247 Italia
528 1188 720 1248 constantius
754 1189 846 1249 foret.
888 1189 1009 1261 Quibus
1037 1192 1175 1269 opperiri

224 1287 338 1345 auxilia
365 1296 397 1345 et
424 1286 548 1346 trahere
576 1285 694 1344 bellurn
720 1285 896 1360 videbatur,
921 1287 1175 1346 Germanicarum

223 1384 379 1462 legionum
393 1383 457 1443 vim
471 1384 646 1461 famamque
662 1382 865 1456 extollebant,
877 1392 909 1443 et
923 1383 1085 1443 advenisse
1099 1404 1174 1443 mox

224 1501 293 1540 cum
315 1480 445 1540 Vitellio
474 1478 646 1538 Britannici
675 1479 830 1538 exercitus
858 1479 988 1539 robora:
1015 1479 1091 1559 ispis
1115 1501 1174 1540 nec

171 1592 200 1635 10
223 1596 385 1635 numerum
407 1596 512 1654 parem
535 1577 693 1654 pulsarum
714 1595 814 1653 nuper
835 1575 1004 1656 legionum,
1026 1586 1057 1636 et
1081 1596 1174 1655 quun-

223 1692 315 1751 quam
331 1673 477 1731 atrociter
491 1673 701 1751 loquerentur,
716 1671 867 1731 minorem
888 1691 954 1731 esse
975 1673 1058 1750 apud
1072 1674 1173 1734 victos

223 1770 370 1826 animum.
413 1769 475 1827 Sed
491 1769 613 1829 insessis
627 1769 753 1829 interim
768 1768 903 1847 Alpibus
916 1782 1083 1829 venturum
1102 1791 1173 1830 cum

224 1865 320 1943 copiis
332 1865 469 1924 Orientis
485 1865 665 1925 Mucianum
678 1886 686 1940 ;
700 1884 860 1946 superesse
870 1865 1065 1945 Vespasiano
1076 1887 1173 1941 mare,

224 1964 343 2036 classeS,
365 1963 469 2022 studia
497 1963 737 2041 provinciarum,
758 1982 814 2042 per
834 1982 910 2042 quas
930 1963 1018 2022 velut
1046 1963 1173 2024 alterius

171 2073 202 2119 15
223 2059 296 2118 belli
311 2060 424 2118 molem
439 2060 544 2119 cieret.
574 2059 623 2120 lta
636 2060 751 2120 salubri
766 2079 853 2119 mora
862 2079 961 2120 novas
972 2059 1054 2120 vires
1064 2060 1173 2120 adfore

223 2166 256 2214 et
270 2157 483 2235 praesentibus
498 2157 572 2215 nihil
588 2157 769 2234 periturum.

264 2256 292 2314 2.
320 2255 372 2313 Ad
388 2273 424 2313 ea
439 2252 594 2313 Antonius
610 2253 735 2314 Primus
752 2254 792 2331 (is
807 2254 974 2316 acerrimus
987 2254 1062 2316 belli
1075 2251 1173 2315 conci-

223 2355 320 2430 tator)
345 2351 578 2411 festinationem
605 2350 680 2430 ipsis
707 2352 828 2426 utilem,
852 2353 985 2414 Vitellio
1009 2353 1174 2414 exitiosam

225 2449 390 2509 disseruit:
425 2449 493 2528 plus
528 2448 686 2507 socordiae
715 2468 808 2527 quarn
841 2449 975 2509 fiduciae
1010 2449 1173 2510 accessisse

223 2547 411 2619 victoribus;
425 2565 525 2624 neque
541 2546 622 2604 enim
639 2546 670 2604 in
686 2546 848 2624 procinctu
863 2559 896 2605 et
910 2545 1018 2607 castris
1034 2545 1174 2619 habitos3

71 2643 75 2650 ’
170 2658 185 2701 5
223 2662 280 2720 per
293 2642 397 2701 omnia
412 2642 520 2701 ltaliae
535 2642 704 2721 municipia
718 2641 850 2716 desides,
862 2653 985 2701 tantum
1000 2642 1174 2720 hospitibus

223 2738 417 2809 metuendos,
429 2750 546 2816 quanto
559 2738 694 2798 ferocius
709 2749 781 2798 ante
796 2757 828 2798 se
843 2738 974 2816 egerint,
989 2748 1077 2799 tanto
1092 2739 1175 2818 cupi·

224 2835 292 2893 dius
321 2835 458 2893 insolitas
480 2837 657 2914 voluptates
685 2835 831 2895 hausisse.
874 2834 966 2894 Circo
986 2855 1109 2915 quoque
1137 2855 1174 2895 ac

224 2931 354 2991 theatris
370 2943 401 2989 et
416 2933 604 2993 anroenitate
617 2933 700 2992 urbis
712 2932 866 2991 emollitos
878 2943 931 2991 aut
942 2931 1174 2992 valetudinibus

223 3028 335 3085 fessos:
356 3028 409 3086 sed
426 3029 534 3088 addito
556 3029 656 3108 spatio
675 3029 847 3087 rediturum
862 3040 894 3087 et
910 3028 956 3087 bis
971 3029 1065 3088 robur
1079 3027 1175 3087 medi·

171 3123 341 3184 rotatione
370 3125 460 3198 belli3
496 3146 554 3184 nec
587 3127 693 3204 procul
723 3124 933 3196 Germaniam,
961 3125 1044 3184 unde
1072 3124 1174 3198 vires3

223 3219 418 3279 Britanniam
444 3222 527 3281 freto
555 3222 667 3294 dirimi,
681 3222 774 3300 juxta
797 3220 912 3279 Gallias
938 3219 1173 3299 Hispaniasque,

224 3318 380 3397 utrimque
408 3318 500 3391 viros,
526 3339 629 3398 equos,
654 3318 780 3390 tributa,
803 3317 963 3396 ipsamque
989 3317 1112 3376 ltaliam
1141 3328 1174 3375 et

223 3436 298 3494 opes
313 3415 416 3491 urbis;
437 3435 472 3474 ac
487 3415 511 3474 si
527 3414 639 3473 inierre
655 3434 739 3473 arma
754 3415 835 3474 ultro
851 3413 957 3486 velint,
972 3413 1048 3472 duas
1062 3414 1173 3472 classes
