2580 3944
238 149 302 216 134
520 156 722 209 uenum
741 156 958 207 sacrum.

291 319 391 382 omnis
413 337 508 397 eques
528 335 667 386 concors,
687 314 843 394 adjunctis
862 311 1048 393 quibusdam
1070 313 1130 393 qui
1154 335 1263 395 nuper

291 416 373 496 apud
389 412 541 473 Narniam
555 412 655 470 dediti
669 412 825 470 somonam
839 412 975 488 partium
992 409 1260 487 speculabantur.

291 514 422 592 Capitur
436 511 610 589 praefectus
631 509 698 567 alae
712 507 814 567 Julius
829 506 1015 579 Flavianus3
1034 506 1138 565 ceteri
1161 509 1260 569 foeda

289 611 365 689 fuga
400 618 647 679 constemautur,
674 624 737 676 npn
765 603 848 662 ultra
876 601 1013 660 Fidenas
1037 604 1164 663 secutis
1195 606 1260 665 tic-

237 724 267 768 15
289 707 417 768 toribus.

317 804 364 863 80.
393 801 441 860 Eo
452 817 594 860 successu
608 795 712 855 studia
722 794 829 874 populi
845 804 952 867 aucta3
964 793 1079 870 vulgus
1090 793 1259 855 urbanum

290 918 375 958 anna
389 897 480 976 cepit.
523 893 637 954 Paucis
650 902 740 950 scuta
753 890 909 961 militaria,
919 889 1032 968 plnres,
1046 889 1149 966 raptis
1164 893 1259 970 quod

290 995 400 1074 cuique
422 992 549 1051 obvium
570 990 651 1062 telis,
672 988 797 1066 signum
818 1005 940 1064 pugnae
961 996 1161 1062 exposcunt:
1186 989 1258 1065 agit

289 1102 394 1168 grates
422 1087 571 1146 Vitellius
599 1096 632 1146 et
659 1084 698 1143 ad
727 1082 877 1142 tuendam
904 1081 1013 1140 urbem
1039 1099 1259 1160 prorumpere

236 1201 251 1245 t
288 1186 388 1266 jabet.
430 1183 507 1242 Mox
522 1191 634 1243 vocato
655 1192 765 1241 senatu
780 1178 959 1256 deliguntur
978 1175 1076 1254 legati
1097 1177 1143 1235 ad
1164 1197 1260 1239 exer·

289 1283 377 1353 citus,
397 1290 434 1341 ut
454 1290 618 1360 praetexto
638 1276 826 1356 reipublicae
854 1273 1052 1366 concordiam
1071 1291 1259 1354 pacemque

289 1378 465 1438 suaderent.
508 1376 606 1436 Varia
633 1375 807 1454 legatorum
835 1391 902 1430 sors
929 1369 1009 1428 fuit:
1042 1367 1096 1447 qui
1127 1368 1258 1433 Petilio

291 1476 402 1536 Ceriali
424 1483 630 1546 occurrerant,
644 1483 820 1531 extremum
834 1468 999 1528 disctimen
1013 1465 1132 1538 adiere,
1148 1487 1258 1547 asper.

290 1582 384 1630 nante
413 1571 511 1629 milite
540 1569 736 1629 condiciones
763 1567 866 1647 pacis3
900 1565 1082 1624 tntlneratur
1116 1578 1258 1641 praetor

236 1682 267 1726 ιο
288 1669 444 1726 Arulenus
472 1666 639 1725 Rusticus:
668 1666 755 1724 auxit
781 1664 943 1737 invidiam,
971 1679 1063 1739 super
1089 1659 1257 1724 violatum

290 1763 385 1840 legati
400 1762 609 1840 praetorisque
624 1781 747 1834 nomen,
763 1762 888 1840 propria
901 1758 1042 1840 dignatio
1056 1758 1128 1817 viri.
1178 1760 1257 1821 Pul.

289 1871 397 1917 santur
424 1858 563 1930 conates,
591 1858 744 1917 occiditur
771 1858 931 1937 proximus
959 1858 1059 1930 lictor,
1078 1857 1255 1921 dimovere

288 1955 412 2015 turbam
437 1974 547 2014 ausus:
575 1965 607 2014 et
631 1955 664 2013 ni
689 1955 764 2015 dato
789 1974 808 2013 a
832 1954 911 2014 duce
938 1954 1092 2035 praesidio
1121 1956 1256 2020 defensi

288 2052 399 2124 forent,
422 2071 542 2111 sacrum
566 2050 659 2110 etiam
682 2051 766 2110 inter
789 2062 912 2111 exteras
933 2063 1043 2132 gentes
1066 2052 1257 2131 legatorum

235 2164 266 2208 15
286 2149 346 2228 jus,
368 2160 439 2208 ante
460 2149 527 2227 ipsa
548 2150 667 2227 patriae
689 2148 819 2219 moenia,
841 2149 942 2209 civilis
962 2149 1065 2209 rabies
1088 2169 1194 2230 usque
1218 2156 1255 2215 in

289 2244 419 2305 exitium
434 2255 623 2306 temerasset.
665 2245 874 2324 Aequioribus
895 2246 1006 2306 animis
1026 2248 1149 2324 accepti
1171 2263 1256 2313 sunt

291 2342 344 2420 qui
365 2343 404 2401 ad
419 2343 595 2402 Antonium
614 2353 773 2417 venerant,
788 2364 851 2403 non
866 2345 939 2424 quia
957 2342 1131 2403 modestior
1144 2347 1257 2423 miles,

289 2439 342 2496 sed
359 2440 429 2499 duci
446 2441 514 2518 plus
529 2440 732 2500 auctoritatis.

331 2536 378 2595 81.
410 2535 576 2596 Miscuerat
597 2557 629 2596 se
650 2537 761 2616 legatis
783 2537 946 2598 Musonius
966 2536 1069 2598 Rufus
1088 2544 1257 2616 equestris

289 2631 416 2704 ordinis,
444 2633 581 2691 studium
610 2634 820 2714 philosophiae
856 2644 889 2694 et
922 2635 1035 2713 placita
1064 2633 1256 2701 Stoicorum

288 2727 478 2801 aemulatus3
505 2730 732 2810 coeptabatque
759 2732 935 2810 permixtus
962 2730 1138 2808 manipulis,
1160 2733 1256 2797 bona

288 2822 372 2899 pacis
386 2842 422 2882 ac
436 2823 508 2882 belli
523 2824 702 2886 ‹liserimina
716 2828 879 2898 disserens,
890 2838 1025 2887 armatos
1038 2846 1178 2889 mouere.
1208 2830 1254 2892 Id

289 2918 442 2997 plerisque
470 2920 614 2995 ludibrio,
639 2925 777 3003 pluribus
799 2925 925 2984 taedio:
953 2944 1010 2983 nec
1033 2924 1166 2984 deerant
1191 2929 1253 3007 qui

288 3014 497 3091 propellerent
508 3019 794 3098 proculcarentque,
805 3021 838 3079 ni
849 3020 1011 3081 admonitu
1022 3019 1252 3085 modestissimi

288 3109 435 3189 cujusque
451 3123 483 3172 et
497 3115 564 3174 aliis
578 3116 793 3176 minitantibus
813 3117 967 3176 omisisset
987 3115 1252 3194 intempestivam

287 3206 481 3283 sapientiam.
524 3210 644 3271 Obviae
673 3213 759 3272 fuere
784 3223 816 3273 et
837 3213 973 3292 virgines
995 3211 1142 3273 Vestales
1172 3234 1252 3279 cum

288 3304 425 3382 epistolis
442 3306 564 3366 Vitellii
579 3308 617 3366 ad
632 3310 807 3368 Antonium
822 3309 963 3388 scriptis:
984 3308 1077 3367 eximi
1096 3328 1251 3387 supremo

235 3414 266 3458 ιο
287 3402 449 3462 certamini
463 3423 559 3463 unum
573 3404 658 3463 diem
672 3406 870 3484 postulabat:
891 3406 917 3464 si
938 3425 1057 3464 moram
1072 3404 1253 3487 interjecis-
