2580 3944
291 112 495 162 asumma
516 113 627 161 amns
650 113 812 173 curuans
834 113 1008 161 unctura.
1107 97 1147 163 77

142 271 212 332 Alii
232 290 270 331 eo
290 290 387 350 usqne
408 289 482 330 cura
501 270 657 350 progressi
682 281 763 346 sunt,
784 280 820 331 ut
845 271 978 331 totidem
1000 290 1096 331 annos

142 387 326 446 mensesque
341 378 374 427 ct
387 367 455 427 dies
470 367 552 428 inter
566 380 696 447 utraque
712 368 857 427 incendia
872 381 1047 428 numerent.
1119 383 1149 428 15

185 465 234 525 42.
271 463 419 524 Ceterum
433 464 520 523 Nero
536 485 607 524 usus
625 477 672 524 est
686 470 805 543 patriae
821 465 916 523 ruinis
931 464 1098 525 exstruxit-

144 581 205 642 que
226 562 365 633 domum,
382 559 414 618 in
436 580 497 639 qua
517 561 600 620 hand
623 562 751 639 perinde
772 581 913 640 gemmae
935 572 967 620 et
987 582 1097 621 aurum

143 657 294 718 miraculo
315 665 428 729 essent,
449 657 541 716 solita
561 658 683 735 pridem
704 670 736 716 et
757 657 831 715 luxu
853 658 989 736 vulgata,
1006 678 1098 737 qnam

145 774 221 815 arva
241 765 274 814 et
294 763 414 833 stagna,
429 766 461 813 et
483 754 514 813 in
535 755 663 813 modum
685 755 887 813 solitudinum
908 756 980 813 hinc
1001 756 1097 814 silvae

145 852 219 911 inde
234 859 343 929 aperta
356 849 457 928 spatia
471 862 504 908 et
518 863 710 928 prospectus,
724 851 880 929 magistris
896 861 928 909 et
947 852 1100 910 inae-nina-
1136 868 1151 911 5

145 947 268 1007 toribus
283 947 399 1007 Severo
419 956 451 1007 et
468 946 585 1019 Celere,
601 947 713 1025 quibus
734 948 893 1026 ingenium
915 958 947 1007 et
968 949 1098 1007 audacia

144 1055 221 1117 erat,
233 1043 328 1102 etiam
340 1063 418 1122 quae
432 1056 544 1103 natura
559 1043 786 1122 denegavisset,
798 1064 853 1122 per
864 1055 963 1104 artem
976 1056 1097 1104 tentare

144 1149 177 1199 et
192 1138 310 1199 viribus
323 1140 473 1219 principis
487 1140 627 1199 illudere.
669 1140 813 1219 Namque
829 1142 867 1200 ab
884 1142 953 1200 lacn
969 1143 1097 1201 Averno

144 1235 354 1315 navigabilem
368 1235 482 1296 fossam
499 1256 594 1315 usquc
616 1237 656 1295 ad
678 1237 757 1296 ostia
772 1238 919 1296 Tiberina
940 1239 1099 1316 depessu-

149 1353 201 1393 ros
215 1335 430 1413 promiserant,
445 1334 599 1412 squalenti
614 1333 704 1393 litore
720 1347 774 1392 aut
789 1355 844 1413 per
859 1345 980 1393 montes
995 1335 1102 1392 adver·
1122 1350 1151 1394 10

145 1450 205 1490 sos.
259 1430 372 1509 Neque
400 1430 483 1489 enim
512 1430 598 1488 alind
627 1430 790 1488 humidum
817 1430 983 1508 gignendis
1011 1432 1099 1509 aquis

146 1527 282 1587 occurrit
296 1547 390 1607 qnam
405 1526 591 1606 Pomptinae
606 1527 751 1605 paludes:
772 1540 876 1586 cetera
892 1528 1024 1606 abrupta
1044 1540 1098 1588 ant

147 1624 276 1697 arentia,
291 1645 326 1684 ac
340 1623 367 1683 si
381 1623 539 1704 perrumpi
554 1634 690 1702 possent,
707 1624 917 1683 intolerandus
937 1625 1025 1683 labor
1041 1645 1099 1684 nec

147 1720 223 1780 satis
238 1739 357 1780 causac.
398 1720 485 1779 Nero
499 1731 614 1792 tamen,
631 1731 665 1778 ut
683 1731 749 1780 erat
770 1719 994 1779 incredibilium
1017 1722 1099 1800 cupi·

145 1825 207 1888 tor,
222 1817 354 1876 effodere
369 1817 510 1894 proxima
524 1817 652 1875 Averno
662 1817 740 1895 juga
754 1816 876 1876 conisus
892 1830 948 1891 est,
959 1829 1098 1878 manent
1121 1832 1151 1877 15

146 1931 206 1991 qne
221 1913 353 1992 vestigia
368 1913 472 1972 irritae
488 1913 563 1991 spei.

184 2009 234 2069 43.
269 2010 417 2070 Ceterum
438 2011 522 2070 urbis
544 2030 622 2089 quae
644 2010 749 2069 domui
771 2021 961 2089 supererant,
976 2032 1048 2085 non,
1064 2021 1099 2071 ut

144 2116 217 2186 post
241 2105 361 2166 Gallica
388 2107 541 2179 incendia,
563 2108 649 2165 nulla
674 2107 873 2166 distinctione
902 2128 959 2166 nec
985 2108 1098 2186 passim

145 2213 258 2276 erecta,
273 2203 329 2262 sed
345 2202 492 2261 dimensis
508 2203 648 2261 vicorum
669 2202 830 2261 ordinibus
847 2214 878 2261 et
892 2203 964 2262 latis
978 2204 1099 2262 viarum

144 2296 261 2376 spatiis,
272 2299 470 2377 cohibitaque
482 2299 693 2358 aedificiorum
704 2298 868 2358 altitudine
884 2318 920 2358 ac
935 2299 1098 2377 patefactis

145 2393 233 2467 areis,
255 2395 431 2474 additisque
458 2395 628 2474 porticibus
654 2414 733 2473 quae
762 2396 899 2454 frontem
928 2396 1097 2455 insularum
1136 2410 1151 2453 5

144 2499 355 2569 protegerent.
397 2491 459 2550 Eas
478 2491 615 2570 porticus
631 2492 716 2551 Nero
737 2512 792 2551 sua
813 2492 945 2571 pecunia
965 2502 1098 2552 exstruc-

145 2594 258 2657 turum,
271 2594 478 2664 purgatasque
490 2605 576 2644 areas
588 2586 722 2646 dominis
734 2587 931 2660 traditurum,
942 2586 1099 2666 pollicitus

145 2692 202 2741 est.
242 2681 378 2741 Addidit
393 2682 530 2760 praemia
543 2702 600 2760 pro
615 2685 765 2762 cujusque
780 2685 887 2742 ordine
902 2695 935 2743 et
949 2684 994 2742 rei
1013 2683 1099 2742 lami-

146 2777 230 2836 liaris
244 2778 351 2857 copiis,
362 2778 525 2858 finivitque
542 2790 663 2858 tempus
678 2780 760 2840 intra
771 2770 853 2860 qnod
869 2781 989 2841 effectis
1003 2781 1100 2841 dorni·

146 2873 204 2932 bns
219 2884 273 2933 aut
287 2875 394 2934 insulis
406 2875 625 2953 apiscerentur.
654 2876 773 2936 Ruderi
789 2878 969 2956 accipiendo
979 2877 1101 2937 Ostien·
1122 2893 1152 2937 10

144 2989 192 3029 ses
207 2970 335 3049 paludes
356 2971 542 3046 destinabat,
559 2972 665 3050 ntique
687 2993 791 3046 naves,
806 2994 885 3052 qnae
906 2975 1099 3033 frumentum

145 3065 252 3124 Tiberi
279 3067 556 3141 subvectavissent,
585 3078 715 3128 onustae
747 3070 859 3128 rudere
887 3070 1102 3145 decurrerent3

145 3161 348 3242 aedificiaque
371 3164 447 3243 ipsa,
469 3177 553 3224 certa
578 3165 625 3224 sui
648 3176 746 3244 parte,
769 3167 834 3225 sine
859 3167 997 3226 trabibus
1022 3185 1097 3225 saxo

146 3258 268 3320 Gabino
289 3261 451 3320 Albanove
476 3261 691 3335 solidarentur,
713 3262 797 3341 quod
821 3261 848 3321 is
872 3262 949 3342 lapis
974 3262 1097 3340 ignibus

144 3355 314 3437 impervius
326 3371 392 3434 est;
405 3359 471 3436 jam
483 3378 563 3438 aqna
573 3358 765 3439 privatorum
777 3357 904 3418 licentia
915 3359 1098 3437 intercepta,
1120 3371 1151 3417 15
