2580 3944
385 143 586 193 ausanium
608 145 718 194 nisan
741 146 890 195 rannus.
925 205 927 208 v
1101 127 1143 191 43

122 350 124 355 .
142 304 210 364 dit?
237 321 329 383 quem
351 301 478 361 missum
499 303 616 363 advos
637 323 656 362 a
675 302 862 364 Germanico
887 304 1026 364 exercitu
1051 305 1091 366 de

141 400 355 460 communibus
380 399 550 459 'commodis
574 409 666 459 nocte
688 401 830 479 proxima
856 401 1015 480 jugulavit
1036 423 1092 481 per

141 497 328 576 gladiatores
343 514 423 566 suos,
438 515 514 574 quos
528 496 560 554 in
575 496 706 555 exitium
725 497 861 556 militnm
883 498 977 557 habet
999 510 1092 579 atque

142 603 251 652 armat.
293 592 469 670 Responde,
491 592 612 665 Elaeae,
633 593 686 651 ubi
707 594 841 652 cadaver
862 594 1028 674 abjeceris:
1054 616 1093 656 ne
1115 612 1145 657 10

141 691 245 748 hostes
260 688 387 768 quidem
408 689 567 766 sepultura
587 689 741 749 invident.
783 689 862 750 Cum
884 692 1006 765 osculis,
1022 712 1092 752 cum

142 785 275 844 lacrimis
286 784 424 843 dolorem
435 804 539 843 meum
553 785 731 864 implevero,
743 805 794 844 mc
806 807 928 867 quoque
943 789 1093 848 trucidari

139 882 223 960 jube,
239 882 314 939 dum
328 881 510 941 interfectos
529 882 648 940 nullum
663 881 703 941 ob
718 883 827 957 scelus,
843 886 897 944 sed
919 885 992 964 quia
1013 886 1094 945 utili·

142 978 201 1037 tati
216 977 372 1056 legionum
387 978 631 1050 consulebamus,
646 978 679 1036 hi
693 980 863 1058 sepeliant?

197 1076 244 1133 23.
286 1073 478 1132 Incendebat
492 1075 568 1132 haec
582 1075 658 1133 fletu
673 1088 705 1134 et
719 1089 828 1154 peetus
844 1088 935 1158 atque
950 1099 984 1138 os
1000 1079 1094 1138 mani·

142 1170 199 1230 bus
224 1170 402 1229 verberans.
444 1170 520 1228 Mox
545 1170 683 1248 disjectis
709 1193 840 1252 quorum
868 1196 922 1253 per
947 1177 1093 1236 humeros

143 1267 362 1337 sustinebatur,
378 1285 526 1344 praeceps
548 1279 580 1326 ct
601 1268 794 1345 singulorum
815 1272 947 1349 pedibus
968 1273 1095 1332 advolu-

143 1373 193 1421 tus
205 1373 327 1422 tantum
339 1362 598 1422 consternationis
611 1365 807 1445 invidiaeque
818 1368 965 1441 concivit,
978 1379 1012 1428 ut
1023 1389 1094 1447 pars

143 1459 277 1518 rnilitum
301 1458 501 1537 gladiatores,
516 1461 567 1539 qui
591 1481 608 1521 e
632 1463 759 1522 servitio
775 1463 879 1523 Blaesi
901 1475 999 1538 erant,
1022 1485 1093 1544 pars
1132 1481 1147 1524 5

143 1568 278 1615 ceteram
299 1555 441 1635 ejusdem
462 1557 609 1618 familiam
631 1559 796 1634 vincirent,
814 1561 866 1620 alii
887 1563 927 1621 ad
948 1575 1104 1641 quaeren³

142 1653 219 1723 dum
234 1672 345 1732 corpus
360 1652 606 1717 effunderentur.
648 1658 699 1717 Ac
712 1658 745 1716 ni
759 1678 890 1737 propere
911 1679 1011 1737 neque
1032 1679 1096 1718 cor·

143 1771 200 1830 pus
222 1752 319 1810 ullum
338 1752 476 1830 reperiri,
492 1766 524 1812 et
547 1774 651 1813 servos
672 1754 820 1814 adhibitis
838 1755 1024 1815 cruciatibus
1046 1756 1093 1815 ab

143 1872 238 1912 nuere
254 1854 391 1926 eaedem,
407 1873 508 1932 neque
523 1852 568 1911 illi
583 1852 677 1911 fuisse
692 1871 826 1930 unquanr
842 1852 970 1910 fratrem
987 1872 1096 1930 perno-

144 1951 263 2025 tuisset,
273 1952 356 2011 haud
368 1951 500 2010 multum
511 1950 549 2008 ab
558 1949 655 2009 exitio
667 1948 762 2027 legati
774 1948 912 2007 aberant.
942 1948 1097 2008 Tribunos
1118 1963 1148 2008 10

143 2056 249 2108 tamen
277 2069 313 2108 ac
344 2048 538 2126 praefectum
566 2056 737 2105 castrorum
766 2056 934 2116 extrusere,
957 2045 1095 2104 sarcinae

144 2146 333 2224 fugientium
356 2147 509 2222 direptae,
530 2153 562 2202 ct
583 2142 723 2201 centurio
743 2141 879 2200 Lucilius
900 2140 1094 2214 interficitur,

146 2243 195 2301 cui
210 2242 395 2302 militaribus
411 2241 533 2300 facetiis
547 2239 733 2299 vocabulum
748 2237 842 2297 ‘cedo
857 2237 1003 2296 alteram’
1018 2238 1096 2296 indi-

147 2340 267 2413 derant,
283 2340 355 2420 quia
369 2339 470 2398 fracta
484 2338 549 2398 vite
569 2337 601 2396 in
619 2348 709 2414 tergo
730 2334 849 2407 militis,
864 2335 994 2394 alteram
1015 2335 1097 2393 clara

145 2456 222 2495 voce
238 2457 273 2497 ao
288 2456 394 2496 rursus
414 2435 506 2494 aliam
525 2434 683 2514 poscebat.
726 2432 854 2491 Ceteros
875 2431 1012 2490 latebrae
1033 2441 1098 2489 tex·
1120 2447 1150 2490 15

146 2553 206 2606 ere,
215 2555 277 2593 uno
288 2542 411 2592 retento
422 2532 582 2592 Clemente
590 2531 613 2591 J
616 2531 688 2604 ulio,
697 2529 750 2609 qui
759 2527 951 2607 perferendis
962 2527 1097 2587 militum

145 2630 300 2689 mandatis
323 2630 495 2689 habebatur
516 2629 646 2687 idoneus
667 2628 707 2687 ob
727 2634 907 2706 promptum
927 2623 1096 2703 ingenium.

147 2727 230 2798 Quin
245 2727 331 2806 ipsae
345 2726 428 2786 inter
442 2745 474 2786 se
490 2726 629 2804 legiones
650 2734 763 2784 octava
784 2732 816 2782 et
837 2722 946 2802 quinta
966 2721 1098 2780 decuma

146 2823 264 2882 ferrum
284 2824 445 2903 parabant,
459 2823 534 2883 dum
549 2821 764 2882 centurionem
780 2829 987 2900 cognomento
1003 2818 1097 2896 Sirpi-

146 2940 217 2977 cum
238 2920 292 2978 illa
316 2919 410 2978 morti
431 2918 581 2998 deposcit,
603 2918 878 2996 quintadecumani
906 2927 1044 2988 tuentur,
1066 2915 1150 2974 niae

146 3017 234 3075 miles
255 3035 395 3075 nonanus
415 3035 522 3096 preces
543 3026 575 3075 et
597 3015 763 3075 adversum
785 3015 978 3094 aspernantis
999 3014 1098 3073 minas

147 3112 364 3192 interjecisset.

202 3210 250 3268 24.
292 3208 379 3268 Haec
400 3209 507 3268 audita
527 3228 703 3287 quanquam
727 3208 902 3268 abstrusum
929 3218 962 3269 et
989 3207 1099 3269 tristis·

147 3305 225 3365 sima
236 3324 375 3384 quaeque
386 3306 521 3365 maxime
533 3307 743 3366 occultantem
752 3305 913 3365 Tiberium
924 3307 1107 3385 perpulere,-

148 3411 184 3462 ut
198 3401 337 3462 Drusum
350 3401 448 3462 filium
463 3421 533 3462 cum
551 3402 739 3482 primoribus
759 3400 897 3462 civitatis
918 3402 1099 3481 duabusque
