2580 3944
382 106 584 154 annuarum
605 106 716 154 traua
739 106 890 154 ramus.
1101 69 1146 158 '37

142 266 323 345 Augustum
357 264 542 324 devinxerat
576 263 665 337 adeo,
692 263 741 323 uti
774 273 921 344 nepotem
955 265 1092 341 unicum,
1114 283 1145 329 20

141 363 317 441 Agrippam
329 361 523 435 Postumum,
535 362 567 421 iu
582 361 714 421 insulam
726 360 903 421 Planasiam
913 364 1092 443 projecerit,

142 460 252 518 rudem
266 478 338 518 sane
352 458 505 517 bonarum
519 459 632 517 artium
647 469 679 517 et
695 459 805 518 robore
823 460 961 538 corporis
979 462 1091 522 stolide

141 556 287 627 ferocem,
302 555 415 614 nullius
430 564 534 614 tamen
549 554 659 633 flagitii
674 565 878 633 compertum.
906 556 952 616 At
967 558 1091 618 hercule

143 652 371 725 Germanicum,
387 651 490 711 Druso
512 663 625 724 ortum,
640 663 712 711 octo
733 652 815 730 apud
832 652 978 713 Rhenum
1000 655 1093 734 legio·

142 749 231 808 uibus
256 749 404 828 imposuit
427 749 600 828 adscirique
622 768 677 826 per
698 749 899 826 adoptionem
924 771 943 810 a
968 751 1092 812 Tiberio
1114 768 1145 814 25

141 847 243 926 jussit,
258 866 432 925 quanquam
454 856 534 906 esset
555 847 587 927 in
609 846 703 905 domo
718 846 837 906 Tiberii
858 848 939 907 filius
956 848 1092 927 juvenis,

142 943 196 1002 sed
218 963 279 1022 quo
300 943 440 1022 pluribus
464 943 668 1001 munimentis
696 942 864 1004 insisteret.
906 944 1030 1004 Bellum
1055 965 1092 1005 ea

143 1049 328 1118 tempestate
343 1040 462 1098 nullum
484 1038 545 1098 nisi
566 1039 714 1099 adversus
730 1039 899 1100 Germanos
921 1053 1091 1120 supererat,

143 1136 313 1195 abolendae
334 1136 434 1214 magis
455 1136 601 1195 infamiae
623 1136 663 1194 ob
685 1137 831 1197 amissum
852 1158 922 1198 cum
938 1137 1091 1209 Quintilio

142 1233 229 1292 Varo
258 1233 439 1305 exercitum,
468 1252 560 1310 quam
588 1233 735 1311 cupidine
763 1234 942 1312 proferendi
970 1236 1093 1314 imperii
1114 1251 1146 1297 30

142 1339 196 1388 aut
217 1329 347 1407 dignum
367 1329 407 1388 ob
426 1329 608 1407 praemium.
649 1329 745 1389 Domi
765 1351 815 1390 res
835 1331 1031 1410 tranquillae,
1046 1352 1094 1391 ea·

143 1427 214 1485 dem
235 1426 473 1504 magistratuum
495 1426 664 1500 vocabula3
684 1427 822 1506 juniores
843 1437 915 1506 post
929 1428 1093 1488 Actiacam

141 1523 315 1596 victoriam,
328 1523 422 1582 etiam
436 1543 524 1582 senes
536 1523 675 1603 plerique
690 1524 772 1584 iuter
785 1523 866 1584 bella
881 1524 995 1584 civium
1011 1525 1092 1585 nati:

142 1631 254 1701 quotus
269 1620 399 1700 quisque
413 1621 550 1699 reliquus
566 1620 619 1701 qui
632 1623 855 1700 rempublicam
868 1623 1020 1682 vidisset?

192 1718 221 1777 4.
249 1717 352 1796 Igitur
366 1737 456 1777 verso
471 1717 608 1778 civitatis
623 1728 706 1778 statu
720 1719 798 1778 nihil
812 1739 942 1798 usquam
954 1719 1046 1798 prisci
1061 1729 1093 1779 et

141 1814 256 1893 integri
274 1815 388 1874 moris:
409 1834 516 1875 omnes
536 1826 631 1875 exuta
646 1816 833 1895 aequalitate
844 1816 931 1894 jussa
944 1815 1093 1895 principis

142 1923 310 1991 aspectare,
326 1913 411 1971 nulla
432 1912 463 1970 in
486 1932 631 1991 praesens
651 1912 825 1986 formidine,
840 1912 916 1971 dum
931 1913 1093 1991 Augustus

142 2020 244 2070 aetate
258 2011 382 2070 validus
400 2029 493 2089 seque
513 2018 544 2068 et
566 2009 693 2068 domum
714 2018 745 2067 et
766 2028 874 2087 pacem
896 2010 1092 2068 sustentavit.

144 2106 316 2188 Postquam
329 2116 479 2186 provecta
489 2106 555 2184 jam
570 2114 711 2164 senectus
726 2125 819 2183 aegro
834 2116 866 2164 et
880 2123 1009 2183 corpore
1024 2105 1095 2164 lati·
1131 2120 1146 2164 t

142 2206 276 2283 gabatur
287 2206 456 2283 aderatque
467 2203 538 2261 finis
553 2211 585 2260 et
600 2220 668 2279 spes
683 2221 792 2273 novae,
803 2201 894 2279 pauci
909 2201 990 2259 bona
1004 2200 1093 2260 liber-

142 2302 217 2362 tatis
239 2302 392 2361 incassum
413 2300 574 2370 disserere,
589 2298 693 2376 plures
713 2296 829 2356 bellurn
851 2316 1026 2375 pavescere,
1041 2297 1093 2356 alii

142 2417 265 2477 cupere.
321 2396 399 2457 Pars
433 2397 533 2456 multo
561 2394 697 2453 maxima
731 2393 923 2452 imminentis
951 2392 1093 2453 dominos

141 2495 236 2555 variis
264 2493 440 2555 rumoribus
468 2492 674 2552 differebant:
708 2502 829 2550 trucem
857 2489 1033 2568 Agrippam
1061 2498 1093 2549 et

142 2591 491 2670 ignominiaaccensum
505 2608 568 2649 nou
584 2597 686 2648 aetate
701 2606 801 2666 neque
816 2607 920 2646 rerum
937 2586 1095 2664 experien-
1117 2601 1147 2646 10

140 2690 187 2748 tia
206 2699 311 2748 tantae
338 2688 413 2746 moli
434 2706 551 2766 parem,
572 2685 732 2745 Tiberium
755 2685 786 2744 N
789 2704 913 2743 eronem
938 2696 1093 2742 maturum

144 2786 241 2858 annis,
263 2794 437 2864 spectatum
458 2785 550 2857 bello,
571 2782 626 2842 sed
647 2793 755 2842 vetere
777 2791 869 2861 atque
890 2781 985 2840 insita
1006 2780 1094 2840 Olau-

142 2882 211 2941 diae
243 2882 380 2940 familiae
411 2880 564 2960 superbia,
592 2880 751 2958 multaque
787 2864 903 2937 indicia
933 2876 1092 2949 saevitiae,

142 2998 318 3058 quanquam
340 2987 530 3057 premantur,
550 2996 721 3055 erumpere.
764 2975 857 3035 Hunc
879 2985 911 3035 et
933 2974 1033 3053 prima
1054 2974 1093 3032 ab

142 3075 274 3135 infantia
294 3075 442 3134 eductum
466 3075 497 3133 iu
520 3073 612 3133 domo
635 3073 828 3152 regnatrice3
856 3081 1021 3152 congestos
1047 3072 1145 3149 jura

142 3172 215 3231 veni
236 3173 423 3244 consulatus,
438 3171 630 3250 triumphos;
651 3189 690 3228 ne
711 3169 749 3229 iis
768 3169 893 3249 quidem
916 3168 1014 3239 annis,
1030 3166 1094 3246 qui·

142 3270 200 3329 bus
222 3269 328 3329 Rhodi
349 3270 452 3348 specie
477 3287 614 3328 secessus
635 3268 707 3326 exul
728 3267 839 3345 egerit,
861 3265 976 3345 aliquid
999 3283 1092 3343 quam

143 3368 220 3426 iram
236 3376 268 3426 et
282 3366 513 3426 simulationem
527 3375 559 3425 et
577 3376 712 3426 secretas
731 3364 877 3424 libidines
896 3362 1093 3422 meditatum.
