2610 3908
148 178 189 244 96
452 195 648 245 axonam
670 194 884 245 racmana.

151 385 154 392 ·
199 372 292 413 nemo
317 360 466 426 uteretur,
490 352 577 412 inani
604 352 730 414 nomine
753 353 867 414 ducum
895 351 1014 413 alienae
1041 352 1150 433 culpae

146 465 162 511 t
201 449 499 529 praetendebantur3
513 449 631 510 tribuni
642 442 898 530 centurionesque
909 450 1057 530 ambigui,
1068 449 1152 530 quod

200 545 311 625 spretis
325 545 503 605 melioribus
517 546 675 605 deterrimi
688 547 853 621 valebant3
866 547 955 606 miles
970 548 1079 617 alacer,
1095 545 1149 627 qui

199 655 305 702 tamen
321 643 407 721 jussa
424 642 538 701 ducum
555 643 752 720 interpretari
773 662 865 723 quam
885 643 1012 723 exsequi
1032 644 1149 702 mallet.

201 737 383 798 Promovet-i
398 738 437 796 ad
452 747 597 817 quartum
612 757 630 796 a
643 738 797 797 Bedriaco
813 748 913 798 castra
929 738 1055 818 placuit,
1070 739 1149 798 adeo

171 876 174 882 ι
199 833 354 913 imperite,
369 843 404 893 ut
419 853 595 914 quanquam
609 853 704 893 veruo
719 844 860 914 ternpore
881 835 953 895 anni
974 846 1007 894 et
1027 844 1076 897 tot
1096 835 1152 895 cir·

147 945 177 991 10
199 950 269 989 cum
284 930 425 990 amnibus
439 930 568 1008 penuria
581 950 678 1010 aquae
692 930 905 1009 fatigarentur.
947 931 996 991 lbi
1010 931 1050 990 de
1064 950 1150 1010 proe-

199 1027 242 1086 lio
256 1026 442 1099 dubitatum,
457 1026 582 1086 Othone
597 1046 652 1105 per
665 1027 771 1087 literas
784 1028 947 1106 flagitante
964 1037 999 1087 ut
1019 1039 1151 1087 matura-

199 1133 278 1198 rent,
287 1123 437 1182 militibus
450 1134 484 1182 ut
493 1124 663 1201 imperator
671 1143 794 1203 pugnae
806 1124 928 1184 adesset
937 1125 1151 1203 poscentibus:

200 1220 338 1301 plerique
350 1220 454 1299 copias
465 1223 550 1279 trans
561 1219 684 1279 Padum
695 1231 823 1299 agentes
838 1221 930 1281 acciri
941 1221 1149 1300 postulabant.

199 1318 269 1378 Neo
296 1316 426 1396 perinde
453 1316 617 1395 dijudicari
643 1326 748 1396 potest
775 1317 851 1397 quid
879 1317 1031 1397 optimum
1063 1317 1151 1377 factu

147 1431 178 1477 15
199 1413 303 1488 fuerit,
319 1433 411 1492 quam
425 1413 592 1492 pessimum
606 1413 698 1473 fuisse
713 1415 796 1493 quod
810 1415 926 1475 factum
940 1424 998 1477 est.

207 1544 209 1554 2
241 1512 288 1570 40.
315 1510 390 1569 Non
405 1519 440 1569 ut
454 1510 495 1568 ad
509 1529 645 1588 pugnam
659 1510 712 1570 sed
728 1510 767 1568 ad
782 1511 1002 1572 debellandum
1015 1511 1149 1592 profecti

199 1613 391 1673 confluentes
413 1610 493 1670 Padi
517 1620 550 1670 et
571 1612 683 1671 Aduae
710 1613 882 1686 fluminum,
908 1609 1043 1669 sedecim
1071 1609 1146 1669 inde

147 1714 157 1743 '⁵
198 1708 320 1769 milium
347 1708 447 1786 spatio
468 1709 629 1781 distantes,
649 1709 805 1788 petebant.
847 1709 938 1770 Celso
959 1718 992 1771 et
1012 1708 1146 1769 Paulino

199 1805 405 1866 abnuentibus
430 1804 561 1864 militem
586 1804 698 1865 itinere
719 1804 845 1880 fessum,
869 1805 995 1866 sarcinis
1018 1827 1148 1886 gravem

145 1920 161 1966 t
200 1905 336 1986 objicere
347 1905 438 1979 hosti,
450 1926 511 1966 non
527 1907 677 1968 omissuro
688 1927 749 1986 quo
759 1907 861 1968 minus
873 1909 1035 1989 expeditus
1049 1918 1082 1969 et
1097 1907 1151 1968 vix

199 2011 347 2082 quattuor
362 2001 446 2061 milia
460 2022 605 2082 passuum
619 2024 797 2082 progressus
812 2014 866 2064 aut
879 2004 1101 2084 incompositos
1114 2005 1149 2064 in'

200 2097 323 2178 agmine
344 2107 399 2158 aut
419 2098 574 2178 dispersos
598 2110 630 2160 et
644 2100 760 2159 vallum
781 2100 944 2161 molientes
965 2099 1147 2181 aggredere-

150 2209 154 2236 ‘·
198 2206 259 2273 tur,
274 2199 416 2260 Titianus
433 2209 465 2260 et
487 2199 645 2271 Proculus,
660 2201 713 2261 ubi
734 2199 868 2261 consiliis
884 2199 1091 2271 vincerentur,
1107 2198 1147 2258 ad

194 2295 246 2374 jus
260 2295 381 2374 imperii
396 2298 576 2357 transibant.
604 2298 726 2358 Aderat
739 2316 812 2357 sane
827 2296 907 2357 citus
917 2316 997 2375 equo
1008 2294 1148 2356 Numida

146 2407 178 2453 10
198 2412 269 2453 curn
283 2394 440 2455 atrocibus
453 2395 618 2469 mandatis,
632 2394 744 2476 quibus
758 2394 843 2454 Otho
859 2393 1013 2473 increpita
1033 2393 1148 2453 ducum

147 2477 151 2483 ¹
199 2490 331 2569 segnitia
347 2511 413 2551 rem
435 2492 466 2551 in
490 2492 653 2551 discrimen
675 2490 759 2550 mitti
782 2490 923 2568 jubebat,
945 2509 1038 2569 aeger
1061 2509 1148 2549 mora

200 2595 233 2645 et
248 2586 313 2664 spei
328 2587 504 2665 impatiens.

240 2683 289 2742 41.
317 2682 438 2743 Eodem
454 2683 557 2744 dicad
574 2683 739 2744 Caecinam
760 2681 846 2761 operi
867 2681 970 2762 pontis
989 2683 1147 2745 intentum

200 2778 262 2838 duo
283 2779 507 2858 praetoriarum
528 2779 703 2840 cohortium
724 2779 850 2852 tribuni,
873 2780 1059 2860 colloquium
1081 2783 1149 2862 ejus

199 2875 401 2954 postulantes,
422 2888 591 2936 venerant:
616 2876 724 2936 audire
745 2876 942 2937 condiciones
963 2897 1000 2937 ac
1020 2878 1149 2938 reddere

199 2971 337 3050 parabat,
359 2992 429 3032 cum
450 2973 634 3053 praecipites
655 2974 865 3052 exploratores
894 2974 1000 3034 adesse
1025 2975 1149 3034 hostem

146 3082 161 3125 t
198 3068 390 3127 nuntiavere.
431 3067 629 3148 Interruptus
648 3070 842 3130 tribunorum
863 3090 972 3143 sermo,
988 3090 1086 3150 eoque
1105 3069 1150 3130 in-

200 3173 319 3224 certum
333 3164 404 3238 fuit,
419 3164 547 3225 insidias
562 3186 601 3225 an
615 3166 822 3246 proditionem
837 3167 888 3226 vel
903 3167 1028 3247 aliquod
1042 3168 1149 3227 hones·

200 3270 266 3320 tum
281 3261 443 3321 consilium
456 3263 679 3340 coeptaverint.
723 3262 857 3324 Caecina
871 3263 1004 3324 dimissis
1018 3263 1149 3325 tribunis

199 3368 341 3419 revectus
361 3359 393 3418 in
415 3369 524 3433 castra,
539 3359 647 3419 datum
660 3361 748 3440 jussu
763 3358 853 3420 Fabii
867 3359 1011 3421 Valentis
1025 3379 1148 3439 pugnae

199 3454 321 3533 signum
336 3465 367 3515 et
381 3455 512 3515 militem
527 3455 558 3514 in
574 3456 668 3516 armis
687 3455 816 3517 invenit.
857 3456 942 3516 Dum
956 3457 1093 3535 legiones
1108 3457 1148 3518 de

148 3563 177 3608 to
199 3551 307 3611 ordine
323 3552 453 3631 agminis
467 3552 649 3625 sortiuntur,
661 3552 780 3632 equites
794 3572 978 3634 prorupere3
993 3564 1025 3615 et
1036 3552 1148 3613 mirum
