2580 3944
366 114 568 164 mumma
589 113 700 162 amsa
723 112 906 175 comeus.
1105 95 1146 162 71

144 273 240 353 leges,
256 271 356 353 plebis
376 283 408 333 et
429 273 628 352 optimatium
652 272 823 332 certamina
846 271 944 329 libero
969 288 1093 350 egressu

145 371 379 431 memorabant:
399 370 489 430 nobis
504 371 536 430 in
552 381 620 430 arto
636 381 668 429 et
682 370 832 448 inglorius
847 369 951 442 lab0r;
965 370 1095 427 immota

145 463 259 548 quipp'e
274 478 328 527 aut
343 467 464 526 modice
483 466 625 526 lacessita
645 485 715 544 pax,
732 476 866 524 maestae
888 465 972 524 urbis
994 486 1042 524 rea
1064 475 1096 525 et
1118 479 1148 524 ιο

144 566 287 645 princeps
299 563 478 642 proferendi
494 563 605 641 imperi
617 563 788 621 incuriosus
800 571 876 620 erat.
906 562 977 619 Nou
991 574 1093 620 tamen

144 663 209 722 sine
224 681 282 721 usu
295 661 387 721 luerit
403 660 604 738 introspicere
620 659 672 717 illa
688 657 788 736 primo
804 671 931 736 aspectu
949 658 1040 732 levia,
1055 677 1093 717 ex

143 759 212 838 quis
226 777 408 836 magnarum
423 777 514 835 saepe
530 776 634 814 rerum
649 767 752 813 motus
768 755 919 813 oriuntur.

184 857 231 914 33.
266 854 348 914 Nam
373 865 499 915 cunctas
527 853 669 911 nationes
698 861 731 910 et
761 851 851 909 urbes
880 850 1012 928 populus
1040 861 1094 910 aut

144 952 295 1030 primores
314 964 367 1013 aut
387 951 501 1031 singuli
523 961 653 1028 regunt:
675 947 797 1006 delecta
818 968 856 1004 ex
879 947 915 1006 iis
936 959 968 1007 et
990 968 1095 1005 eurise-

144 1049 225 1108 ciata
243 1048 429 1127 reipublicae
450 1049 551 1108 forma
573 1044 693 1104 laudari
711 1043 833 1102 facilius
849 1064 940 1122 quam
958 1043 1093 1117 evertite,

144 1147 194 1206 vel
209 1145 236 1206 si
249 1147 363 1220 evenit,
378 1147 460 1206 haud
476 1147 623 1206 diuturna
638 1165 703 1204 esse
716 1151 828 1221 potest.
859 1139 961 1217 igitur
973 1151 1007 1198 ut
1018 1139 1092 1198 olim

143 1243 233 1322 plebe
247 1244 360 1318 valida,
374 1244 425 1304 vel
442 1264 512 1304 cum
530 1254 632 1323 patres
653 1242 816 1321 pollerent,
834 1237 989 1296 noscenda
1006 1237 1090 1315 vulgi
1129 1252 1144 1297 t

143 1350 254 1400 natura
265 1351 296 1401 et
307 1342 418 1420 quibus
431 1341 532 1400 modis
547 1351 758 1418 temperanter
771 1337 946 1407 haberetur,
958 1347 1093 1393 senatus·

144 1456 203 1516 que
218 1449 250 1497 et
264 1439 462 1517 optimatium
481 1438 607 1517 ingenia
621 1437 673 1516 qui
696 1435 829 1495 maxime
852 1431 1092 1511 perdidicerunt,

144 1534 247 1593 callidi
261 1546 437 1614 temporum
448 1545 480 1595 et
491 1536 645 1613 sapientes
657 1534 872 1607 credebantur,
885 1533 928 1592 sic
942 1551 1092 1592 converso

144 1641 227 1693 statu
247 1652 346 1713 neque
368 1633 428 1692 alia
448 1652 482 1691 re
498 1633 640 1692 Romana
663 1653 752 1711 quam
776 1634 802 1693 si
825 1656 901 1695 uuus
923 1634 1092 1713 imperitet,

143 1728 219 1788 haec
233 1729 372 1809 conquiri
392 1729 535 1808 tradique
557 1729 588 1787 in
610 1750 677 1788 rem
698 1731 802 1803 fucrit,
819 1733 892 1810 quia
914 1733 1003 1810 pauci
1027 1752 1095 1811 pru·
1117 1747 1146 1791 10

144 1825 249 1885 dentia
264 1828 393 1887 honesta
407 1827 446 1885 ab
461 1826 675 1899 deterioribus,
690 1828 778 1886 utilia
800 1829 837 1888 ab
860 1829 960 1889 rioxiis
982 1829 1094 1888 ‹liseur-

143 1932 231 1995 nunt,
251 1923 355 2002 plures
380 1922 510 1982 aliorum
536 1923 656 1982 eventis
681 1925 842 1984 docentur.
887 1927 1032 1986 Ceterum
1059 1937 1093 1986 ut

142 2018 311 2096 profutura,
333 2019 378 2079 ita
399 2019 561 2078 minimum
582 2019 797 2080 oblectationis
822 2021 967 2082 afferunt.
1009 2023 1040 2082 N
1043 2042 1092 2081 am

143 2115 219 2175 situs
233 2117 384 2194 gentium,
399 2116 566 2176 varietates
585 2117 783 2195 proeliorum,
801 2119 874 2178 clari
897 2120 1010 2180 ducum
1033 2119 1095 2178 exi·

143 2223 193 2272 tus
214 2214 350 2273 retinent
371 2233 407 2273 ac
428 2213 645 2289 redintegrant
667 2213 839 2292 legentium
861 2216 1016 2276 animum:
1038 2236 1094 2275 nos
1116 2231 1146 2276 ru

123 2339 125 2343 ·
142 2328 234 2368 saeva
252 2312 347 2389 jussa,
363 2310 524 2369 continuas
547 2311 767 2383 accusationes,
785 2312 911 2370 fallaces
932 2313 1093 2384 amicitias,

143 2406 311 2484 perniciem
328 2405 540 2466 innocentium
556 2417 587 2466 et
603 2408 727 2466 easdem
743 2407 830 2467 exitu
846 2428 952 2467 causas
968 2410 1094 2487 conjun-

141 2502 252 2581 gimus,
277 2502 370 2562 obvia
397 2523 499 2562 rerum
528 2503 732 2562 similitudine
756 2514 788 2563 et
816 2505 971 2564 satietate.
1013 2505 1094 2563 Tum

142 2599 226 2678 quod
254 2599 389 2677 antiquis
417 2599 618 2678 scriptoribus
648 2621 735 2660 rarus
764 2600 966 2673 obtrectator,
994 2620 1094 2680 neque

142 2695 237 2755 refert
265 2697 448 2774 cujusquam
476 2696 611 2758 Punicas
643 2700 839 2760 Romanasve
868 2700 949 2759 acies
985 2699 1094 2758 laetius
1115 2713 1147 2760 20

66 2859 69 2862 ⁴
142 2791 309 2850 extuleris:
331 2801 364 2851 at
387 2793 566 2867 multorum,
584 2796 637 2873 qui
659 2796 784 2854 Tiberio
807 2808 935 2873 regente
961 2815 1093 2873 poenam

141 2887 192 2946 vel
213 2887 356 2947 infamias
378 2889 508 2964 subiere,
534 2891 649 2969 posteri
671 2902 819 2966 manent3
841 2903 934 2971 utque
956 2892 1093 2951 familiae

141 2983 226 3062 ipsae
245 2986 310 3064 jam
326 2985 481 3046 extinctae
498 2987 570 3060 siut,
585 2988 720 3065 reperies
735 2988 787 3066 qui
802 2989 841 3048 ob
857 2988 1094 3048 similitudinem

140 3101 264 3141 morum
279 3080 379 3141 aliena
394 3084 560 3142 malefacta
575 3084 632 3142 sibi
650 3084 802 3163 objectari
823 3094 945 3162 putent.
987 3083 1093 3142 Etiam

140 3177 241 3256 gloria
255 3197 291 3237 ac
306 3177 406 3239 virtus
422 3180 557 3239 infensos
571 3180 674 3252 habet,
691 3189 725 3239 ut
746 3180 837 3239 nimis
859 3200 897 3239 ex
918 3179 1093 3258 propinquo
1114 3191 1146 3237 aa

141 3275 266 3334 diversa
281 3294 422 3353 arguens.
465 3276 526 3336 Sed
543 3277 581 3335 ad
597 3276 756 3354 inceptum
772 3277 874 3336 redeo.

182 3372 231 3432 67.
267 3371 313 3431 At
337 3372 451 3433 Caesar
477 3371 629 3433 dedicatis
649 3392 705 3452 per
729 3372 932 3451 Campaniam
957 3371 1093 3450 templis,
