2580 3944
377 109 581 164 macrum
602 115 713 164 arnna
735 115 938 165 sircurana.
1115 97 1157 163 65

192 270 240 330 82
273 267 321 330 At
340 269 470 346 Romae,
484 282 649 352 postquam
668 272 847 334 Germanici
867 271 1016 332 valetudo
1038 291 1104 351 per-

150 366 298 440 crebruit,
313 377 485 447 cunctaque
500 381 535 430 ut
553 389 592 428 ex
609 370 780 449 longinquo
801 382 892 428 aucta
912 369 943 427 in
966 368 1103 428 deterius

151 464 369 535 afferebantur,
391 464 490 538 dolor,
512 465 566 537 ira,
587 476 619 526 et
640 466 844 545 erumpebant
865 477 1006 545 questus:
1031 466 1102 524 ideo

135 561 295 621 nimirum
309 561 341 620 in
356 572 512 622 extremas
526 573 624 622 terras
637 563 818 641 relegatum,
830 563 901 621 ideo
916 562 1023 621 Pisoni
1037 582 1104 640 per·

149 658 274 718 missam
288 658 497 738 provinciam3
516 659 574 717 hoc
588 659 688 737 egisse
703 671 841 718 secretos
855 658 1017 736 Augustae
1033 679 1103 718 eum
1140 674 1155 718 a

150 753 302 815 Plancina
321 774 487 815 sermones
530 754 615 814 Vera
637 774 760 833 prorsus
781 755 821 813 de
842 754 945 813 Druso
966 755 1102 814 seniores

149 851 288 912 locutos:
308 852 471 931 displicere
486 851 687 929 regnantibus
703 851 806 910 civilia
819 851 952 910 filiorum
968 851 1101 930 ingenia,

149 966 251 1028 neque
270 948 312 1008 ob
331 948 417 1007 alind
438 947 637 1026 interceptos,
660 966 752 1026 quam
775 946 848 1026 quia
868 948 1018 1025 populum
1040 946 1102 1006 Ro-

149 1062 275 1103 manum
290 1045 468 1124 aequojure
483 1044 649 1123 complecti
663 1043 789 1102 reddita
811 1045 952 1102 libertate
967 1044 1102 1121 agitave-

149 1139 223 1200 rint.
263 1139 332 1200 Hos
345 1142 432 1221 vulgi
445 1162 602 1201 sermones
621 1141 729 1202 audita
749 1160 833 1199 mors
854 1141 933 1199 adeo
955 1140 1102 1214 incendit,
1123 1155 1154 1200 10

150 1245 187 1297 ut
199 1246 273 1297 ante
286 1238 424 1298 edictum
438 1239 685 1316 magistratuum,
697 1247 769 1295 ante
785 1247 910 1295 senatus
925 1237 1101 1295 consultum

149 1345 273 1413 sumpto
282 1334 406 1414 justitio
421 1334 636 1394 desererentur
649 1335 726 1406 fora,
739 1332 956 1392 clauderentur
971 1332 1100 1391 domus:

148 1430 262 1508 passim
276 1431 400 1490 silentia
413 1441 446 1491 et
458 1431 604 1510 gemitus,
619 1431 697 1490 nihil
719 1429 924 1508 corrrpositum
948 1429 979 1487 in
1001 1440 1100 1488 osten-

148 1527 320 1602 tationem3
347 1538 380 1588 et
408 1547 584 1607 quanquam
608 1548 708 1607 neque
730 1526 901 1605 insignibus
925 1525 1100 1603 lugentium

149 1623 348 1698 abstinerent,
364 1625 456 1684 altius
471 1624 582 1683 animis
595 1625 784 1683 maerebant.
820 1623 915 1682 Forte
931 1622 1101 1700 negotiato-
1123 1638 1152 1682 15

148 1739 206 1792 res,
217 1720 344 1781 vivente
358 1722 460 1781 adhuc
475 1721 659 1780 Germanico
676 1722 765 1800 Syria
780 1721 902 1799 egressi,
918 1721 1045 1779 laetiora
1060 1721 1099 1779 dc

149 1817 326 1878 valetudine
337 1818 403 1898 ejus
417 1819 558 1879 attulere.
589 1817 700 1878 Statim
715 1818 842 1890 credita,
853 1817 959 1876 statim
972 1818 1100 1896 vulgata

148 1923 238 1973 sunt:
252 1916 430 1996 utquisque
444 1915 563 1987 obviuS,
575 1916 715 1994 quamvis
730 1915 841 1974 leviter
855 1915 962 2011 quditn
976 1913 1006 1972 in
1023 1913 1099 1972 alios

148 2019 241 2089 atque
255 2011 299 2070 illi
313 2012 345 2071 in
360 2013 464 2092 plures
485 2013 641 2071 cumulata
662 2011 777 2089 gaudio
800 2012 1010 2070 transierunt:
1034 2032 1099 2071 cur-

148 2116 218 2166 sant
232 2127 286 2186 per
299 2109 417 2182 urbem,
429 2109 600 2168 moliuntur
615 2109 801 2186 templorum
816 2108 916 2181 iores3
930 2109 1022 2186 juvat
1037 2129 1099 2167 cre·
1120 2122 1152 2167 20

147 2203 312 2264 dulltatem
326 2224 389 2264 uox
410 2216 443 2264 et
460 2204 634 2284 promptior
655 2204 737 2263 inter
759 2205 902 2263 tenebras
925 2204 1097 2263 affirmatio.

147 2298 216 2360 Nec
236 2301 360 2361 obstitit
380 2301 463 2361 falsis
485 2301 638 2372 Tiberius,
656 2301 757 2360 donec
779 2310 919 2379 ternpore
941 2320 976 2360 ac
997 2300 1098 2377 spatio

146 2406 365 2457 vanescerent:
386 2407 418 2458 et
439 2398 580 2477 populus,
596 2397 682 2476 quasi
701 2417 821 2456 rursum
842 2408 983 2475 creptum
998 2394 1099 2455 acrius

146 2493 257 2554 doluit.

156 2633 159 2639 -
187 2591 233 2649 83.
269 2589 421 2661 Honores,
436 2599 472 2649 ut
486 2590 555 2668 quis
569 2609 674 2649 amore
694 2590 725 2650 in
740 2589 959 2650 Germanicum
981 2599 1036 2648 aut
1055 2588 1099 2648 in-

144 2686 236 2764 genio
248 2686 378 2758 validus,
390 2687 504 2765 reperti
518 2687 714 2766 decretique:
729 2699 764 2747 ut
779 2706 892 2746 nomen
908 2687 975 2765 ejus
988 2685 1098 2745 Saliari

145 2783 281 2842 carmine
296 2798 475 2857 caneretur3
490 2784 580 2843 sedes
594 2786 715 2844 curules
734 2784 929 2843 sacerdotum
944 2784 1099 2860 Augusta·

144 2877 219 2938 lium
235 2879 309 2939 locis
324 2899 476 2958 superque
494 2901 544 2940 eas
561 2900 708 2959 querceae
724 2900 853 2939 coronae
872 2890 1082 2938 statuerentur
1089 2897 1098 2952 ;

144 2974 234 3034 ludos
246 2976 398 3035 circenses
408 2977 525 3035 eburna
536 2976 652 3052 effigies
661 2977 804 3052 praeiret,
816 2995 893 3033 neve
905 2976 973 3053 quis
983 2975 1096 3033 flamen
1135 2987 1150 3031 a

145 3081 199 3130 aut
214 3091 312 3150 augur
325 3072 356 3131 in
373 3074 474 3131 locum
491 3071 667 3131 Germanici
689 3072 747 3129 nisi
769 3072 871 3149 gentis
893 3071 996 3130 Juliae
1018 3089 1098 3131 crea·

144 3180 242 3229 retur.
284 3171 386 3228 Arcus
403 3170 502 3228 additi
521 3169 639 3228 Romae
655 3177 687 3226 et
702 3169 783 3246 apud
799 3167 898 3246 ripam
912 3167 1013 3227 Rheni
1024 3166 1096 3226 etin

144 3274 250 3325 monte
264 3265 373 3346 Syriae
384 3265 519 3338 Amano,
531 3283 602 3324 cum
616 3261 815 3341 inscriptione
826 3283 929 3322 rerum
940 3273 1097 3341 gestarum

145 3379 182 3422 ac
194 3371 329 3423 mortem
342 3361 384 3422 ob
398 3360 622 3440 rempublicam
636 3358 754 3434 obisse;
775 3358 973 3438 sepulchrum
986 3356 1096 3417 Antio·
