2580 3944
357 121 613 171 nrsroamuuu
635 121 746 171 umus
768 123 935 173 suerrus.
1083 109 1146 175 111

144 297 338 358 vacuumque
353 278 512 358 Illyricum
526 299 621 340 mare.
664 279 749 352 Quid
770 289 837 340 tum
858 281 991 343 claustra
1011 302 1097 343 mon·
1144 330 1149 340 ,

144 377 222 435 tium
237 377 422 454 profutura?
442 377 518 455 quid
539 387 674 437 tractum
694 377 727 435 in
749 387 900 437 aestatem
921 379 1014 458 aliam
1034 380 1096 439 bel·
1118 395 1147 440 15

144 475 232 532 lum?
260 473 343 532 unde
370 472 496 533 iuterim
524 473 688 553 pecuniam
716 485 749 534 et
776 477 991 536 commeatus?
1018 476 1094 556 quin

145 569 248 650 potius
269 589 306 629 eo
326 569 394 648 ipso
423 579 593 643 uterentur,
614 572 698 649 quod
721 571 919 631 Pannonicae
946 572 1094 652 legiones,

145 669 294 746 deceptae
318 665 418 745 magis
441 685 534 745 quam
558 666 670 740 victae,
693 687 853 747 resurgere
881 668 913 727 in
941 668 1093 729 ultionem

144 772 321 843 properent,
336 761 466 821 Moesici
487 762 641 823 exercitus
661 763 800 844 integras
819 764 902 825 vires
922 765 1094 827 attulerint.

146 860 180 920 Si
205 879 352 918 numerus
373 859 508 918 militum
533 860 636 938 potius
661 880 754 939 quam
778 861 936 940 legionum
959 872 1096 941 putetur,
1117 878 1148 924 ao
1250 862 1251 867 ’

143 957 213 1035 plus
226 956 299 1015 hinc
313 955 441 1029 roboris,
456 955 534 1015 nihil
548 956 712 1016 libidinum
724 977 733 1033 ;
747 967 780 1018 et
794 959 947 1039 profuisse
962 959 1095 1038 discipli·
1146 1007 1148 1011 .

144 1073 201 1112 nae
229 1053 330 1131 ipsum
358 1052 527 1131 pudorem:
556 1052 675 1132 equites
702 1073 777 1114 vero
805 1075 844 1114 ne
872 1066 941 1114 tum
968 1056 1095 1135 quidem

143 1149 250 1221 victos,
264 1148 318 1208 sed
334 1168 510 1228 quanquam
525 1149 615 1209 rebus
634 1150 772 1210 adversis
793 1151 958 1232 disjectam
972 1152 1094 1213 Vitellii

92 1255 93 1258 ’
143 1247 259 1306 aciem:
280 1245 377 1304 ‘duae
398 1255 473 1305 tunc
488 1244 685 1306 Pannonicae
707 1267 742 1307 ac
764 1246 919 1308 Moesicae
940 1250 1007 1308 alae
1029 1270 1094 1328 per-

143 1363 253 1422 rupere
267 1344 410 1402 hostem:
431 1362 514 1402 nunc
530 1343 665 1402 sedecim
684 1345 801 1403 alarum
819 1346 984 1424 conjuncta
1004 1347 1094 1426 signa
1114 1362 1146 1408 25

144 1443 242 1520 pulsu,
255 1441 428 1519 sonituque,
440 1450 472 1499 et
486 1440 567 1499 nube
583 1439 657 1519 ipsa,
668 1441 809 1520 operient
820 1462 856 1502 ac
867 1442 1094 1522 superfundent

142 1538 256 1597 oblitos
270 1535 459 1617 proeliorum
474 1536 593 1616 equites
608 1556 773 1617 equosque.
803 1539 874 1598 Nisi
888 1540 957 1619 quis
970 1539 1094 1615 retinet,

142 1635 226 1694 idem
237 1653 343 1694 suasor
354 1642 522 1711 auctorque
534 1633 653 1693 consilii
664 1653 726 1694 ero.
755 1634 832 1709 Vos,
843 1636 954 1715 quibus
967 1635 1095 1697 fortuna

142 1733 173 1791 in
185 1733 307 1811 integro
318 1741 375 1806 est,
386 1731 524 1809 legiones
535 1732 693 1791 continete
704 1751 712 1790 r
728 1730 802 1790 mihi
813 1733 978 1811 expeditae
989 1734 1094 1794 cohor-

142 1840 190 1889 tes
204 1830 364 1888 sufficient.
391 1828 413 1889 J
415 1847 465 1888 am
479 1839 648 1888 reseratam
662 1827 795 1903 Italiam,
809 1829 957 1909 impulsas
972 1830 1093 1891 Vitellii
1114 1847 1145 1893 30

142 1946 191 1986 res
213 1926 364 1987 audietis:
391 1924 515 2007 juvabit
543 1924 631 2006 sequi
653 1935 686 1985 et
708 1925 849 2006 vestigiis
872 1927 1023 1988 vincentis
1050 1928 1095 1988 iu·

143 2023 270 2085 sistere?
499 2089 502 2093 ,

183 2124 210 2181 3.
240 2121 328 2183 Haec
342 2140 378 2181 ac
391 2121 467 2181 talia
481 2122 614 2202 flagrans
628 2122 733 2195 oculis,
742 2122 820 2182 truci
833 2142 918 2195 voce,
928 2143 990 2202 quo
1000 2122 1094 2183 latins

143 2217 302 2279 audiretur
324 2219 454 2296 (etenim
477 2239 509 2278 se
534 2219 730 2279 centuriones
754 2229 786 2279 et
810 2219 936 2299 quidam
957 2220 1093 2280 militurn

142 2315 270 2376 consilio
291 2315 504 2392 miscuerant),
524 2314 569 2374 ita
589 2315 707 2388 effudit,
727 2325 763 2374 ut
784 2326 891 2375 cautos
912 2336 1034 2396 quoque
1056 2336 1092 2377 ac

142 2412 288 2491 providos
317 2422 522 2491 permoveret,
546 2411 659 2490 vulgus
684 2420 716 2470 et
744 2410 839 2471 ceteri
867 2432 963 2471 unum
991 2412 1093 2471 virum

142 2510 323 2587 ducemque,
345 2519 450 2587 spreta
477 2508 607 2566 aliorum
636 2507 777 2586 segnitia,
798 2508 942 2567 laudibus
965 2508 1093 2569 ferrent.
1129 2523 1145 2569 t

139 2604 231 2664 ¹Hanc
247 2605 294 2664 sui
307 2604 423 2664 famam
444 2623 480 2663 ea
501 2605 607 2664 statim
629 2605 776 2663 concione
797 2614 1093 2685 commoveratque

141 2701 278 2761 recitatis
299 2700 484 2779 Vespasiani
510 2700 648 2780 epistolis
668 2721 729 2760 non
752 2710 788 2760 ut
808 2700 946 2780 plerique
974 2701 1093 2762 incerta

142 2797 296 2869 disseruit,
311 2798 371 2856 buc
385 2797 458 2856 illuc
472 2807 626 2857 tracturus
640 2796 906 2876 interpretatione,
916 2808 1010 2876 prout
1023 2818 1093 2857 con-

141 2893 298 2953 duxisset:
313 2904 418 2970 aperte
430 2894 625 2953 descendisse
636 2893 667 2951 in
679 2913 801 2953 causam
811 2894 984 2967 videbatur,
993 2913 1092 2973 eoque

140 2989 266 3068 gravior
280 2989 429 3049 militibus
443 3001 509 3049 erat
524 2992 632 3067 culpae
648 2990 697 3048 vel
710 2990 829 3069 gloriae
843 2991 953 3051 socius.
1116 3005 1145 3049 ιο

181 3087 209 3145 4.
238 3084 387 3144 Proxima
407 3085 542 3145 Cornelii
564 3086 656 3144 Fusci
679 3087 886 3165 procuratoris
915 3087 1091 3146 auctoritas.
1199 3085 1203 3093 '

141 3181 173 3241 Is
188 3200 309 3261 quoque
324 3181 525 3241 inclementer
539 3181 571 3241 in
586 3181 750 3242 Vitellium
765 3183 869 3241 invehi
884 3183 993 3243 solitus
1013 3183 1091 3242 nihil

141 3278 206 3357 spei
220 3277 278 3337 sibi
297 3277 379 3337 inter
393 3279 522 3338 adversa
535 3277 710 3357 reliquerat.
752 3278 901 3358 Tampius
915 3279 1091 3353 Flavianus,

141 3385 253 3435 natura
267 3394 303 3434 ac
316 3386 441 3436 senecta
456 3375 661 3450 cunctantior,
675 3374 860 3455 suspitiones
871 3375 1007 3436 militum
1027 3375 1092 3435 irri-
