2580 3944
419 180 615 231 axonam
636 180 851 230 mactmus.

230 342 278 401 29.
313 339 444 420 Ignarus
458 338 585 399 interim
600 338 703 399 Galba
714 348 746 398 et
760 339 854 399 sacris
867 339 1008 400 intentus
1029 338 1141 418 fatiga·

189 438 244 497 bat
259 438 351 497 alieni
366 438 433 516 jam
448 437 570 516 imperii
583 437 667 510 deos,
682 456 753 495 cum
767 436 894 496 affertur
908 455 1013 495 rumor
1026 435 1093 514 rapi
1107 436 1140 494 in

191 547 292 594 castra
312 534 465 593 incertum
487 553 579 612 quem
600 542 784 606 senatorem,
799 553 872 591 mox
894 531 1052 592 Othonem
1072 551 1141 592 esse

191 630 244 710 qui
264 641 443 709 raperetur:
465 630 555 688 simul
576 650 614 689 ex
635 640 703 688 tota
724 629 807 701 urbe,
822 640 858 688 ut
879 630 1008 708 quisque
1028 627 1141 688 obvius

137 742 152 786 15
191 727 303 799 fuerat,
324 727 376 784 alii
397 725 564 785 formidine
585 735 743 804 augentes,
764 726 890 805 quidam
914 725 1036 784 minora
1058 745 1141 798 veru,

190 844 230 882 ne
248 833 317 882 tum
331 822 457 901 quidem
472 822 561 882 obliti
576 821 773 881 adulationis.
814 819 916 899 Igitur
938 821 1140 882 consultanti-

190 920 248 979 bus
262 920 378 997 placuit
392 918 564 998 pertentari
578 918 715 977 animum
730 918 865 977 cohortis
879 937 957 998 quae
971 917 1003 976 in
1016 915 1141 976 Palatio
1197 984 1199 989 y

191 1017 357 1079 stationem
372 1015 491 1094 agebat,
506 1035 563 1075 nec
576 1034 632 1094 per
645 1015 747 1093 ipsum
762 1013 902 1087 Galbam,
917 1015 1004 1093 cujus
1019 1015 1142 1092 integra

192 1112 358 1172 auctoritas
387 1112 553 1191 majoribus
581 1112 723 1171 remediis
751 1112 940 1171 servabatur.
982 1111 1056 1170 Piso
1083 1123 1140 1191 pro

138 1225 169 1272 10
189 1209 337 1290 gradibus
352 1209 462 1268 domus
477 1222 602 1269 vocatos
617 1208 649 1268 in
664 1209 746 1268 bunc
759 1209 887 1268 modum
902 1208 1054 1268 allocutus
1074 1219 1141 1269 est:

191 1315 313 1367 ‘sextus
326 1306 391 1365 dies
403 1306 514 1384 agitur,
526 1305 760 1378 commilitones,
770 1325 808 1364 ex
819 1324 879 1383 quo
895 1304 1020 1384 ignarus
1033 1304 1141 1378 futuri,
1216 1355 1218 1358 .

192 1415 224 1464 et
252 1403 317 1463 sive
344 1402 516 1481 optandum
545 1403 603 1461 hoc
631 1421 743 1462 nomen
771 1401 835 1462 sive
862 1401 1036 1461 timendum
1063 1411 1142 1475 erat,

193 1503 306 1563 Caesar
314 1501 449 1559 adscitus
460 1519 537 1573 sum,
547 1519 607 1578 quo
619 1499 730 1558 domus
741 1508 863 1558 nostrae
875 1509 929 1558 aut
942 1499 987 1558 rei
1001 1499 1142 1578 publicae

191 1598 266 1670 fato,
280 1598 312 1656 in
327 1606 429 1656 vestra
444 1616 536 1655 manu
550 1596 687 1674 positum
698 1606 763 1669 est3
777 1595 923 1674 nunquia
934 1614 1003 1654 meo
1016 1597 1143 1657 nomine

139 1711 169 1755 15
191 1695 357 1755 tristiorem
373 1711 476 1752 casum
490 1711 629 1770 paveam,
644 1703 678 1751 ut
693 1692 745 1770 qui
759 1691 904 1751 adversas
925 1711 973 1751 res
994 1692 1144 1776 expertlus

192 1811 263 1851 cum
291 1791 424 1849 maxime
446 1791 561 1850 discam
584 1810 622 1848 ne
644 1790 794 1849 secundas
815 1789 940 1868 quidem
961 1789 1062 1848 minus
1083 1776 1147 1880 dlis·

192 1887 328 1948 criminis
353 1887 484 1946 lrabere:
513 1886 608 1964 patris
633 1895 666 1945 et
693 1898 817 1945 senatus
841 1897 874 1945 et
896 1885 992 1964 ipsius
1019 1886 1147 1967 imperiii

192 1985 291 2045 vicem
307 1984 406 2057 doleo,
421 1984 446 2043 si
462 1984 549 2043 nobis
564 1993 617 2042 aut
632 1983 731 2062 perire
748 1981 841 2043 hodie
862 2001 986 2043 necesse
1007 1993 1063 2057 est,
1078 1977 1151 2058 aut,

193 2086 275 2164 quod
291 2107 387 2165 aeque
408 2087 489 2166 apud
509 2089 606 2148 bonos
627 2089 773 2148 miserum
795 2098 850 2162 est,
865 2087 1015 2149 occidere.
1057 2076 1175 2160 Solu-¹,

138 2183 272 2242 aucium
300 2184 431 2263 proximi
460 2194 562 2245 motus
587 2186 774 2246 habebamus
803 2186 996 2246 incruentam
1023 2183 1141 2256 urbem,

193 2291 225 2339 et
246 2300 294 2340 res
315 2281 381 2340 sine
403 2282 556 2341 discordia
576 2285 760 2344 translatas:
789 2283 946 2362 provisum
971 2280 1142 2360 adoptione

192 2379 366 2454 videbatur,
394 2390 430 2439 ut
460 2400 499 2440 ne
526 2392 597 2459 post
625 2380 756 2440 Galbam
784 2381 910 2461 quidem
936 2379 1019 2440 bello
1053 2378 1143 2439 locus

194 2477 293 2537 esset.’

233 2576 280 2633 30.
316 2574 422 2634 ‘Nihil
437 2574 587 2654 arrogabo
601 2574 676 2634 mibi
694 2574 865 2635 nobilitatis
880 2583 935 2634 aut
947 2573 1143 2648 modestiae3

193 2691 293 2750 neque
314 2672 396 2731 enim
417 2673 516 2731 relatu
535 2672 686 2732 virtutum
708 2671 740 2730 in
763 2672 992 2750 comparatione
1007 2669 1145 2732 Othonis

192 2787 270 2847 opus
291 2779 357 2828 est:
378 2769 464 2842 vitia,
486 2769 596 2847 quibus
617 2769 689 2828 solis
709 2768 867 2847 gloriatur,
889 2779 1027 2828 evertere
1048 2767 1146 2846 impe·

193 2865 282 2938 rium,
294 2866 389 2925 etiam
404 2885 472 2924 cum
488 2865 619 2925 amicum
634 2865 826 2944 imperatoris
837 2875 952 2944 ageret.
981 2864 1146 2925 Habitune

192 2972 223 3019 et
239 2961 358 3021 incessu
372 2982 411 3020 an
425 2962 479 3021 illo
494 2961 634 3021 muliebri
649 2973 759 3022 ornatu
773 2975 943 3021 mereretur
955 2960 1147 3040 imperium?

193 3057 358 3117 Falluntur
379 3058 488 3137 quibus
509 3058 630 3117 luxuria
652 3058 752 3137 specie
773 3058 966 3118 liberalitatis
986 3056 1147 3137 imponitt

193 3155 322 3232 perdere
351 3154 409 3213 iste
437 3154 522 3227 sciet,
546 3154 660 3213 donare
688 3155 814 3215 nesciet.
857 3153 972 3233 Stupra
998 3173 1083 3214 nunc
1111 3165 1148 3218 et

194 3249 427 3309 comissationes
441 3259 472 3309 et
486 3250 670 3309 feminarum
685 3263 791 3310 coetus
806 3251 906 3310 volvit
920 3250 1044 3310 animo:
1066 3252 1149 3314 baec

194 3345 384 3424 principatus
406 3346 540 3424 praemia
560 3357 658 3424 putat,
673 3366 802 3425 quorum
822 3347 919 3406 libido
940 3366 976 3406 ac
997 3347 1149 3426 voluptas

142 3456 172 3500 10
193 3461 287 3520 penes
301 3442 400 3521 ipsum
421 3442 469 3514 sit,
483 3441 578 3502 rubor
592 3461 628 3502 ac
643 3442 777 3503 dedecus
790 3462 886 3522 penes
900 3461 1028 3520 omues;
1049 3464 1150 3507 nemo
