2580 3944
359 125 621 175 nrsronmnnrr
642 127 754 176 nnana
775 127 941 177 ruamus.
1085 113 1147 190 187

147 293 288 364 tremque
302 282 489 362 perfugeret.
530 281 612 342 Dein
633 283 809 344 mobilitate
829 284 945 363 ingenii
961 293 1002 358 et,
1017 304 1096 364 quae

147 393 259 448 nutura
283 379 406 459 pavoris
431 387 488 452 est,
512 399 583 438 cum
612 379 716 438 omnia
743 379 894 439 metuenti
922 382 1098 462 praesentia
1132 397 1149 444 t

145 478 280 541 maxime
305 475 515 554 displicerent,
536 475 568 535 in
593 474 750 534 Palatium
775 476 949 554 regreditur
972 489 1096 539 vastum

146 576 375 653 desertumque,
398 570 525 649 dilapsis
552 571 647 630 etiam
675 571 788 631 infimis
816 573 1014 633 servitiorum
1042 585 1095 636 aut

146 691 306 732 occursum
321 671 387 750 ejus
401 667 640 728 declinantibus.
675 668 785 728 Terret
798 670 935 742 solitudo
949 681 981 729 et
995 681 1097 730 tacen-

145 778 193 829 tes
217 768 293 843 loci;
321 776 423 827 tentat
445 765 557 838 clausa,
580 764 764 839 inhorrescit
787 766 910 841 vacuis3
936 767 1095 847 fessusque

144 866 257 931 misero
273 883 376 924 errore
397 872 430 922 et
451 860 598 941 pudenda
613 862 745 928 latebra
757 872 857 922 semet
878 864 1037 924 occultans
1057 864 1096 924 ab
1119 880 1149 925 ιο

144 960 233 1021 Julio
253 960 380 1020 Placido
403 959 530 1018 tribuno
552 957 688 1017 cohortis
716 959 918 1036 protrahitur.
960 959 1118 1020 Vinctae.

144 1077 226 1136 pone
246 1066 369 1136 tergum
389 1075 518 1128 manus3
539 1055 655 1113 laniata
675 1067 771 1128 veste,
792 1055 918 1116 foedum
940 1068 1097 1136 spectacu-
1135 1126 1138 1130 ⁴

144 1154 219 1227 lum,
247 1153 427 1226 ducebatur,
455 1151 561 1222 multis
596 1151 837 1228 increpantibus,
866 1153 950 1211 nullo
985 1153 1096 1212 illacri·

144 1260 270 1309 mente:
304 1249 486 1310 deformitas
515 1247 616 1307 exitus
644 1247 886 1307 misericordiam
916 1249 1094 1328 abstulerat.

145 1346 264 1406 Obvius
283 1366 300 1405 e
320 1345 511 1406 Germanicis
533 1344 683 1404 militibus
704 1344 869 1404 Vitellium
894 1345 1009 1405 infesto
1030 1346 1095 1406 ictu
1117 1361 1147 1408 15

143 1445 299 1523 perirem,
314 1444 364 1504 vel
379 1462 439 1523 quo
454 1441 605 1502 maturius
620 1442 754 1502 ludibrio
770 1442 930 1515 eximeret,
945 1462 983 1503 au
999 1443 1095 1503 tribu·

143 1561 219 1601 num
230 1540 405 1620 appetierit,
415 1540 446 1600 in
458 1539 577 1602 incerto
586 1539 662 1600 fuit:
677 1559 784 1599 aurem
793 1539 910 1599 tribuni
920 1541 1094 1620 amputavit

144 1638 299 1697 aestatim
314 1637 474 1698 confossus
490 1647 546 1696 est.

185 1735 232 1794 85.
266 1734 432 1794 Vitellium
460 1733 581 1794 infestis
606 1734 805 1795 mucronibus
833 1746 974 1796 coactum
999 1736 1093 1796 modo

143 1832 260 1910 erigere
275 1852 309 1892 os
324 1844 356 1892 et
367 1831 480 1891 offerre
496 1831 700 1905 contumeliis,
715 1853 797 1892 nunc
812 1834 959 1894 cadentes
974 1843 1092 1894 statuas

143 1948 221 2001 suas,
230 1930 409 2008 plerumque
421 1937 520 1986 rostra
531 1938 584 1988 aut
594 1927 711 1989 Galbae
722 1929 814 1989 occisi
827 1932 929 1991 locum
940 1932 1091 2004 contueri,

142 2036 299 2103 postremo
313 2025 352 2084 ad
368 2024 544 2097 Gemonias,
557 2024 609 2084 ubi
624 2045 736 2104 corpus
753 2026 854 2085 Flavii
870 2027 976 2086 Sabini
990 2029 1092 2108 jacue-

142 2132 199 2194 rat,
213 2122 393 2205 propulere:
414 2141 476 2180 una
489 2141 551 2179 vox
572 2141 633 2180 non
649 2122 813 2200 degeneris
834 2123 929 2183 animi
946 2134 1090 2204 ,excepta

143 2237 214 2290 cerm
241 2217 366 2277 tribuno
394 2216 556 2276 insultanti
584 2237 617 2276 se
644 2226 749 2278 tamen
778 2219 998 2298 imperatorem
1026 2221 1092 2298 ejus

141 2314 234 2390 fuisse
249 2313 426 2393 respondit;
440 2332 475 2373 ac
487 2312 601 2373 deinde
616 2314 744 2394 ingestis
755 2315 934 2376 vulneribus
947 2315 1090 2376 concidit.

143 2410 186 2470 Et
206 2411 316 2489 vulgus
337 2410 446 2471 eadem
465 2410 621 2490 pravitate
644 2411 857 2481 insectabatur
878 2412 1090 2486 interiectum,

142 2509 203 2586 qua
216 2506 338 2567 foverat
352 2507 521 2569 viventem.
600 2566 603 2575 ,
944 2572 945 2575 ¹
978 2583 981 2588 .

183 2604 229 2665 86.
264 2603 372 2665 Patria
395 2604 441 2671 illi
462 2605 607 2667 Luceria:
632 2605 800 2687 septimum
821 2615 853 2667 et
877 2605 1092 2687 quinquagesi-

141 2721 225 2762 mum
240 2700 351 2761 aetatis
365 2720 480 2762 annum
495 2704 651 2783 explebat.
680 2704 893 2777 Consulatum,
907 2688 1091 2782 sacerdotia,

141 2817 253 2857 nomen
278 2798 440 2878 locumque
463 2799 545 2860 inter
569 2802 719 2880 primores
743 2802 829 2861 nulla
850 2820 905 2860 sua
928 2800 1090 2876 industria,
1155 2828 1159 2835 ¹

141 2894 197 2954 sed
211 2906 323 2955 cuncta
336 2897 434 2975 patris
451 2897 637 2958 claritudine
659 2898 808 2977 adeptus:
830 2897 1041 2977 principatum
1061 2896 1090 2956 ei

141 2991 279 3051 detulere
292 2992 344 3072 qni
360 2993 460 3072 ipsum
474 3014 537 3054 non
552 3003 721 3072 noverant:
735 2993 840 3071 studia
853 2995 1006 3054 exercitus
1019 3013 1090 3064 raro

141 3088 284 3167 cuiquam
300 3089 389 3149 bonis
404 3090 522 3149 artibus
537 3091 676 3169 quaesita
696 3089 826 3168 perinde
847 3090 975 3150 adfuere
996 3110 1090 3170 quam
1190 3156 1195 3165 ⁸

141 3183 213 3244 huie
227 3205 283 3264 per
297 3185 464 3265 ignaviam.
499 3185 606 3245 Inerat
619 3196 723 3245 tamen
739 3186 919 3266 simplicitas
933 3187 1090 3263 aclibera

141 3280 221 3355 litas,
236 3300 324 3361 quae,
339 3281 372 3342 ni
387 3282 469 3342 adsit
481 3282 601 3355 modus,
614 3281 647 3341 in
669 3281 799 3342 exitium
813 3292 997 3362 vertuntur:
1017 3282 1090 3341 ami·

141 3376 229 3438 citias
263 3378 340 3438 dum
373 3378 587 3458 magnitudine
621 3397 793 3457 munerum,
824 3397 887 3437 nou
914 3377 1090 3437 constantia
