2580 3944
359 74 562 170 Auamma
582 120 694 168 arnan
716 120 918 169 seccanae.
1111 103 1154 167 59

146 285 293 340 tosartua
302 277 432 339 infensis
440 298 562 339 rursum
572 278 724 352 hostibus,
734 277 871 337 adversis
882 277 930 337 dis
940 276 1098 357 objiciant,

145 377 233 437 nulla
242 375 317 436 boni
328 395 391 454 spe.
420 375 557 436 Classem
569 377 683 456 quippe
694 385 726 435 et
741 374 811 434 avia
823 374 939 434 Oceani
950 376 1098 453 quaesita,

145 494 187 534 ne
208 472 277 553 quis
297 471 494 532 venientibus
519 481 705 544 occurreret,
730 491 768 530 ne
796 472 900 550 pulsos
924 482 1098 550 premeret:

145 571 203 632 sed
213 570 267 630 ubi
279 568 460 630 miscuerint
478 589 597 642 manus,
612 569 703 627 inane
720 568 812 627 victis
829 578 990 628 ventorum
1005 588 1101 628 rerno-
1121 585 1152 630 10

145 685 256 728 rumve
271 665 451 726 subsidium.
488 665 706 725 Meminissent
719 666 813 724 modo
825 665 984 738 avaritiae,
993 667 1099 725 crude-

145 764 254 837 litatis,
282 763 460 844 superbiae:
489 762 574 822 aliud
602 762 661 822 sibi
689 762 842 841 reliquum
870 782 963 842 quam
990 772 1097 822 tenere

145 860 324 920 libertatem
345 859 497 921 autmari
519 869 592 918 ante
613 858 797 918 servitium?

188 957 236 1017 16.
272 955 324 1016 Sic
337 975 482 1017 ascensos
499 966 531 1017 et
551 955 702 1034 proelium
722 965 883 1034 poscentes
898 955 929 1015 in
945 975 1098 1035 campum,

145 1052 196 1113 cai
211 1051 379 1116 Idistaviso
389 1073 512 1128 nornen,
524 1053 691 1112 deducunt.
720 1051 751 1110 ls
763 1053 883 1137 medius
897 1052 980 1112 inter
991 1053 1099 1112 Visur-

144 1149 212 1229 gim
227 1159 259 1210 et
273 1149 376 1224 colles,
390 1160 427 1210 ut
441 1149 525 1229 ripae
539 1148 676 1209 fluminis
691 1149 807 1208 cedunt
822 1159 875 1208 aut
890 1149 1098 1228 prominentia

144 1245 300 1307 montium
313 1246 470 1321 resistunt,
480 1247 684 1327 inaequaliter
699 1245 847 1305 sinuatur.
876 1246 964 1305 Pone
976 1258 1097 1326 tergum

143 1343 325 1423 insurgebat
345 1344 432 1418 silva,
451 1345 544 1405 editis
564 1345 595 1404 in
619 1346 716 1405 altum
739 1345 831 1403 ramis
854 1356 885 1404 et
906 1365 984 1424 pura
1003 1346 1098 1407 humo
1135 1363 1150 1407 5

144 1439 229 1499 inter
250 1440 393 1501 arborum
416 1452 551 1502 truncos.
593 1442 744 1521 Campum
770 1450 803 1502 et
826 1443 927 1520 prima
950 1444 1097 1505 silvarum

146 1537 278 1596 barbara
298 1538 378 1599 acies
402 1539 524 1599 tenuit:
546 1539 603 1599 soli
625 1540 770 1600 Cherusci
789 1539 867 1620 juga
888 1540 1040 1615 insedere,
1061 1553 1097 1602 ut

147 1633 370 1713 proeliantibus
396 1635 546 1696 Romanis
574 1637 706 1716 desuper
733 1638 935 1697 incurrerent.
980 1638 1096 1699 Noster

147 1731 299 1791 exercitus
320 1732 364 1792 sic
384 1731 531 1792 incessit:
552 1733 715 1793 auxiliares
733 1733 814 1793 Galli
835 1734 1042 1813 Germanique
1063 1735 1095 1794 in
1143 1789 1145 1794 Α

144 1826 258 1900 fronte,
272 1839 342 1907 post
361 1849 438 1909 quos
459 1829 582 1908 pedites
604 1830 773 1908 sagittarii;
795 1832 867 1890 dein
891 1843 1039 1910 quattuor
1060 1833 1099 1891 le-
1120 1848 1149 1891 10

145 1922 253 2002 giones
268 1934 300 1984 et
314 1945 384 1985 crrm
400 1926 520 1985 duabus
534 1928 696 2005 praetoriis
717 1931 894 1990 cohortibus
916 1951 951 1991 ac
973 1931 1096 1991 delecto

143 2018 248 2098 equite
264 2021 394 2096 Caesam
415 2023 486 2082 exin
502 2022 635 2083 totidem
656 2026 732 2085 aliae
748 2026 885 2105 legiones
900 2038 932 2088 et
953 2028 1030 2088 levis
1052 2049 1097 2088 ar-

143 2126 266 2176 matura
299 2138 371 2179 cum
405 2119 509 2199 equite
544 2121 704 2199 sagittario
733 2133 915 2203 ceteraeque
943 2128 1095 2187 sociorum

144 2212 297 2274 cohortes.
338 2214 484 2276 Intentus
498 2228 684 2298 paratusque
699 2219 797 2295 miles,
812 2231 847 2281 ut
868 2224 944 2284 ordo
964 2225 1095 2304 agminis

142 2309 175 2367 in
191 2309 287 2368 aciem
302 2313 468 2372 assisteret.
1118 2335 1147 2379 15

186 2404 233 2465 17.
268 2406 353 2469 Visis
369 2407 595 2471 Cheruscorum
614 2413 756 2488 catervis,
772 2435 850 2496 qaae
871 2438 927 2498 per
947 2417 1094 2478 ferociam

142 2513 358 2581 proruperant,
393 2505 598 2567 validissimos
635 2510 775 2589 equitum
810 2514 967 2574 incurrere
1003 2514 1093 2588 latus,

144 2597 328 2659 Stertinium
353 2619 424 2660 curn
448 2603 558 2663 ceteris
584 2607 694 2667 turmis
719 2609 923 2690 circumgredi
945 2621 1094 2691 tergaque

141 2694 290 2755 invadere
312 2696 414 2775 jubet,
440 2698 506 2778 ipse
533 2700 564 2760 in
596 2711 737 2783 tempore
766 2707 928 2768 affuturus.
971 2708 1095 2768 Interea

141 2790 383 2868 pulcherrimum
399 2797 572 2874 augurium,
589 2812 660 2862 octo
681 2804 800 2882 aquilae
821 2816 927 2884 petere
949 2805 1042 2865 silvas
1062 2815 1095 2864 et
1133 2819 1148 2864 5

141 2879 257 2946 intrare
270 2888 353 2947 visae
365 2888 585 2970 imperatorem
597 2898 770 2960 advertere.
805 2901 983 2963 Exclamat:
1004 2903 1094 2976 irent,

142 2994 344 3062 sequerentur
358 2985 516 3051 Romanas
538 3011 620 3066 aves,
635 2996 760 3075 propria
780 2997 937 3076 legionum
958 3000 1093 3059 numina.

144 3077 243 3138 Simul
257 3081 409 3158 pedestris
425 3087 506 3147 acies
521 3087 651 3149 infertur
665 3101 697 3150 et
711 3094 894 3171 praemissus
915 3085 1007 3175 eques
1029 3116 1096 3174 pos-

140 3185 257 3235 tremos
268 3196 304 3237 ac
319 3178 416 3239 latera
430 3181 564 3262 impulit.
592 3183 768 3267 Mirumque
780 3189 876 3263 dictu,
886 3191 947 3250 duo
959 3192 1094 3251 hostium

141 3272 267 3350 agmina
289 3274 414 3336 diversa
434 3278 518 3358 fuga,
533 3280 586 3359 qui
607 3281 717 3342 silvam
738 3294 911 3358 tenuerant,
926 3294 957 3346 in
980 3298 1095 3366 aperta,
1117 3301 1148 3346 10

141 3368 195 3447 qui
211 3369 329 3449 eampis
344 3371 517 3448 astiterant,
532 3376 564 3436 in
580 3377 689 3438 silvam
710 3381 851 3442 ruebant.
892 3381 992 3443 Medii
1012 3381 1095 3443 inter
