2580 3944
214 173 276 239 106
431 178 434 189 '
520 187 716 237 menam
737 186 953 236 remman.

211 363 226 405 c
265 345 349 406 credi
364 345 402 405 de
417 345 595 405 absentibus
604 366 613 420 ;
632 345 689 405 sed
707 345 788 424 legio
803 355 894 405 sexta
907 355 940 406 et
953 346 1107 406 tredecim
1123 350 1221 409 vexil-

264 443 410 502 lariorum
424 443 510 501 milia
523 442 644 521 ingenti
658 443 782 522 agmine
796 443 1014 522 sequebantur.
1048 443 1186 505 Classem
1202 467 1220 505 e

265 538 369 598 Ponto
382 538 567 615 Byzantium
580 539 664 618 adigi
670 540 814 618 jusserat,
826 539 989 618 ambiguus
1001 540 1130 614 consilii,
1141 561 1221 601 num

264 636 377 695 omissa
391 635 518 708 Moesia,
533 634 742 713 Dyrrachium
757 635 861 713 pedite
879 645 973 715 atque
994 636 1108 714 equite,
1123 639 1219 697 simul

265 731 367 810 longis
382 731 512 790 naribus
527 751 649 790 versum
664 730 696 789 in
711 730 836 789 ltaliam
856 751 942 790 mare
963 732 1132 806 clauderet,
1147 743 1222 794 tuta

212 843 242 889 10
263 848 344 907 pono
371 840 494 906 tergum
518 827 639 886 Achaia
663 827 809 907 Asiaque,
834 846 911 906 quas
938 826 1072 888 inermes
1099 831 1218 908 exponi

266 925 406 996 Vitellio,
422 925 453 982 ni
468 925 628 1002 praesidiis
648 924 864 998 firmarentur3
886 936 979 1004 atque
1000 925 1100 1003 ipsum
1116 926 1220 986 Vitel-

266 1022 340 1080 lium
356 1022 387 1079 in
403 1021 521 1080 incerto
537 1022 600 1079 fore
616 1041 707 1099 quam
722 1031 843 1098 partem
859 1020 967 1080 Italiae
988 1032 1176 1101 protegeret,
1192 1024 1221 1083 si

265 1118 323 1177 sibi
341 1117 543 1176 Brundisium
562 1117 793 1196 Tarentumque
814 1128 847 1177 et
868 1118 1028 1180 Calabriae
1049 1117 1220 1179 Lucaniae-

267 1234 327 1293 que
341 1213 434 1272 litora
447 1213 570 1273 infestis
585 1214 732 1273 classibus
747 1223 936 1292 peterentur.

308 1312 354 1370 84„
384 1310 487 1390 Igitur
507 1311 644 1383 navium,
665 1311 811 1384 militum,
833 1330 989 1371 armorum
1010 1322 1120 1391 paratu
1142 1322 1222 1373 stre-

266 1429 339 1488 pere
355 1409 541 1488 provinciae,
557 1407 611 1468 sed
630 1408 707 1467 nihil
728 1428 825 1487 aeque
845 1409 1000 1487 fatigabat
1014 1427 1106 1488 quam
1126 1428 1222 1487 pecu-

266 1505 388 1563 niarum
423 1505 634 1583 conquisitio:
672 1525 725 1565 eos
759 1525 826 1565 esse
861 1505 935 1565 belli
969 1506 1069 1566 civilis
1102 1525 1219 1566 nervos

267 1601 414 1660 dictitans
435 1601 606 1674 Mucianus,
622 1621 684 1660 non
705 1603 757 1682 jus
778 1610 832 1661 aut
853 1621 962 1661 rerum
982 1602 1014 1661 in
1035 1602 1222 1680 cognitioni-

266 1698 324 1757 bus
349 1690 403 1756 sed
418 1698 515 1756 solam
528 1698 776 1776 magnitudinem
791 1718 885 1776 opum
899 1698 1068 1776 spectabat.
1096 1696 1221 1758 Passim

268 1794 448 1866 delationes,
465 1805 497 1853 et
512 1794 772 1873 locupletissimus
787 1795 916 1873 quisque
935 1794 967 1853 in
984 1794 1132 1873 praedam
1154 1814 1222 1853 cor·

266 1891 366 1970 repti:
388 1911 466 1970 quae
488 1892 596 1970 gravia
617 1902 709 1970 atque
730 1890 935 1963 intoleranda,
956 1890 1010 1949 sed
1032 1890 1221 1950 necessitate

267 2009 422 2048 armorum
437 2000 592 2059 excusata,
608 1988 701 2047 etiam
715 1987 748 2046 in
764 2006 838 2065 pace
853 2006 1002 2059 mansere,
1017 1987 1086 2064 ipso
1101 1985 1222 2064 Vespa-

267 2087 354 2146 siano
363 2085 450 2146 inter
461 2086 551 2145 initia
561 2084 683 2162 imperii
695 2084 734 2143 ad
744 2083 929 2143 obtinendas
943 2083 1122 2163 iniquitates
1133 2083 1220 2143 haud

214 2198 245 2244 10
266 2184 394 2263 perinde
409 2184 596 2255 obstinante‚
612 2182 711 2241 donec
726 2180 923 2260 indulgentia
937 2181 1078 2240 fortunae
1099 2190 1130 2238 et
1151 2200 1221 2258 pra-

267 2282 315 2341 vis
337 2281 492 2360 magistris
517 2280 628 2339 didicit
657 2298 808 2356 aususque
833 2289 890 2337 est.
932 2276 1071 2355 Propriis
1095 2297 1220 2356 quoquc

267 2378 377 2457 opibus
398 2379 560 2437 Mucianus
582 2377 697 2435 bellum
718 2375 810 2454 juvit,
832 2375 935 2452 largus
957 2373 1112 2452 privatim,
1131 2375 1220 2452 quod

268 2475 388 2532 avidius
410 2475 450 2532 de
471 2473 628 2551 republica
649 2480 792 2531 sumeret.
836 2470 940 2529 Ceteri
958 2469 1221 2531 conferendarum

267 2571 468 2648 pecuniarum
483 2570 658 2647 exemplum
680 2567 789 2640 secuti,
804 2565 977 2625 rarissimus
999 2566 1126 2646 quisque
1148 2586 1222 2627 ean-

215 2680 244 2724 15
266 2667 337 2725 dem
353 2667 384 2724 in
400 2666 602 2744 reciperando
617 2665 774 2724 licentiam
790 2664 976 2722 habuerunt.

310 2762 357 2820 86.
385 2763 431 2820 At
446 2761 477 2819 in
493 2762 656 2820 Pannonia
670 2761 764 2820 tertia
778 2761 910 2820 decuma
926 2759 1007 2838 legio
1029 2778 1064 2819 ac
1085 2759 1221 2837 septima

269 2857 428 2929 Galbiana,
447 2859 585 2916 dolorem
607 2858 746 2937 iramque
768 2857 984 2917 Bedriacensis
1004 2875 1126 2935 pugnae
1146 2859 1222 2916 reti-

268 2965 386 3026 nentes,
402 2954 485 3013 haud
505 2965 688 3013 cunctanter
705 2955 895 3033 Vespasiano
908 2972 1073 3025 accessere,
1088 2952 1120 3012 vi
1134 2972 1222 3032 prae-

269 3050 360 3127 cipua
384 3049 482 3108 Primi
507 3051 645 3110 Antonii.
688 3050 718 3110 ls
744 3051 863 3129 legibus
886 3058 1054 3108 accenset
1077 3059 1220 3127 tempora

216 3160 231 3205 c
270 3145 405 3204 Neronis
420 3146 486 3205 falsi
498 3147 673 3220 damnatus,
683 3147 765 3206 inter
776 3148 835 3206 alia
845 3145 919 3206 belli
930 3145 1020 3218 mala,
1029 3145 1219 3207 senatorium

270 3243 410 3301 ordinem
424 3243 662 3321 reciperaverat.
704 3243 904 3320 Praepositae
919 3261 938 3301 a
952 3241 1052 3301 Galba
1068 3241 1221 3320 septimae

270 3339 385 3418 legioni
400 3340 587 3418 scriptitasse
603 3340 720 3399 Othoni
735 3339 929 3411 credebatur,
944 3339 1056 3397 ducem
1073 3358 1106 3397 se
1126 3340 1220 3418 parti-

271 3437 327 3495 bus
342 3436 495 3510 offerens3
517 3456 535 3495 a
555 3457 616 3516 quo
630 3436 791 3516 neglectus
805 3436 838 3495 in
852 3436 938 3496 nullo
953 3433 1125 3494 Othoniani
1145 3436 1221 3496 belli
