2580 3944
373 112 575 162 Arrufflnu
595 112 706 161 ursus
728 112 932 162 succubus.
1110 99 1152 163 61

187 273 237 333 20.
269 270 359 332 Nihil
373 290 413 331 ex
426 270 475 331 his
490 270 614 332 Caesari
628 271 837 350 incognitum:
859 271 986 332 consilia
1005 273 1097 347 locos,

145 378 292 451 prompta
300 368 423 429 occulta
432 378 572 440 noverat,
584 378 728 448 astusque
739 368 875 429 bostium
885 369 917 428 in
929 370 1097 449 perniciem

145 466 223 547 ipsis
242 465 394 526 vertebat.
437 464 511 525 Seio
530 465 687 525 Tuberoni
713 467 815 544 legato
839 465 935 526 tradit
960 467 1098 547 equitem

146 581 368 641 campumquo;
382 561 525 640 peditum
536 561 633 621 aciem
644 561 689 622 ita
702 562 859 636 instruxit,
871 573 906 622 ut
918 583 988 641 pars
1000 583 1098 643 aequo

145 660 179 721 in
207 658 320 719 silvam
345 659 434 717 aditu
461 658 629 732 incederet,
657 679 729 738 pars
760 660 915 738 objectum
951 680 1097 739 aggerem
1136 675 1151 721 o

146 756 335 830 eniteretur3
355 755 439 836 quod
460 755 592 814 arduum
612 756 680 829 sibi,
696 767 799 816 cetera
820 757 929 836 legatis
950 757 1097 836 permisit.

147 853 270 926 Quibus
289 854 383 933 plana
402 865 582 927 evenerant,
600 854 691 913 facile
712 853 870 933 irrupere:
892 854 960 934 quis
982 854 1099 934 impug-

146 951 269 1011 nandus
291 971 394 1032 agger,
408 961 444 1013 ut
464 950 490 1010 si
511 972 632 1010 murum
653 951 864 1025 succederent,
885 951 1031 1031 gravibus
1052 971 1099 1011 su-

146 1068 244 1128 perne
270 1047 385 1109 ictibus
412 1049 679 1109 conflictabantur.
723 1048 828 1109 Sensit
856 1050 920 1107 dux
947 1049 1098 1127 imparem

146 1145 320 1206 comminus
333 1165 471 1226 pugnam
484 1145 671 1224 remotisque
693 1147 822 1225 paulum
842 1145 1016 1224 legionibus
1037 1147 1101 1203 fun·
1123 1159 1152 1204 10

147 1242 267 1303 ditores
277 1243 500 1324 libratoresque
509 1253 654 1302 excutere
664 1244 727 1302 tela
738 1253 770 1303 et
781 1243 963 1321 proturbare
976 1242 1097 1300 hostem

136 1340 245 1421 'jubet
279 1339 393 1409 Missae
408 1361 425 1401 e
439 1340 601 1402 tormentis
616 1340 732 1411 hastae,
748 1348 924 1418 quantoque
940 1339 1098 1416 conspicui

146 1436 247 1516 magis
260 1437 767 1518 propugnatores,tantopluribus
779 1436 958 1496 vulneribus
974 1435 1098 1516 dejecti.

146 1533 274 1595 Primus
293 1535 406 1595 Caesar
426 1555 497 1595 cum
517 1534 682 1614 praetoriis
704 1534 882 1594 cohortibus
904 1543 996 1613 capto
1017 1534 1098 1593 vallo

147 1630 239 1691 dedit
252 1631 402 1710 impetum
414 1632 447 1692 in
462 1631 573 1705 silvas;
594 1632 708 1690 collato
730 1631 793 1691 illic
813 1632 914 1710 gradu
937 1640 1098 1691 certatum.
1121 1645 1152 1691 15

148 1726 283 1787 Hostem
306 1748 325 1789 a
348 1740 436 1809 tergo
458 1728 557 1808 palae,
579 1727 738 1787 Romanos
762 1729 877 1787 flumen
901 1738 955 1787 aut
978 1737 1099 1787 montes

147 1824 352 1886 claudebant:
366 1826 504 1905 utrisque
519 1825 686 1884 necessitas
701 1825 733 1884 iu
747 1825 826 1899 locO,
841 1844 909 1904 spes
924 1825 955 1884 in
971 1825 1098 1899 virtute,

147 1921 230 1981 salus
243 1941 283 1980 ex
296 1921 438 1982 victoria.
940 1932 943 1937 ’

189 2019 249 2089 ἳ1.,
272 2017 340 2078 Nec
355 2019 456 2078 minor
467 2017 629 2077 Germanis
641 2018 768 2092 animus,
781 2019 834 2077 sed
850 2038 962 2098 genere
975 2038 1098 2098 pugnae

147 2123 182 2174 et
196 2134 349 2176 armorum
363 2116 598 2195 superabantur,
615 2136 685 2175 cum
703 2116 812 2195 ingens
834 2115 1002 2175 multitudo
1025 2116 1099 2175 artis

147 2211 224 2271 locis
237 2212 420 2292 praelongas
433 2213 537 2272 hastas
551 2231 614 2270 non
630 2211 840 2290 protenderet,
852 2231 913 2269 non
929 2211 1099 2289 colligeret,

148 2327 249 2388 neque
261 2310 425 2370 assultibus
435 2320 469 2370 et
478 2309 645 2369 velocitate
658 2327 822 2386 corporum
835 2316 983 2379 uteretur,
993 2318 1100 2366 coruus

149 2404 259 2465 stabile
276 2406 316 2464 ad
330 2406 498 2485 proelium,
519 2417 630 2467 contra
649 2405 748 2478 miles,
765 2403 814 2463 cui
836 2414 957 2463 scutum
978 2403 1098 2481 pectori
1137 2417 1152 2462 o

148 2520 329 2581 appressum
343 2513 375 2564 et
388 2503 526 2563 insidens
540 2504 651 2581 capulo
666 2522 785 2574 manus,
800 2502 880 2561 latos
898 2502 1099 2560 barbarorum

148 2608 244 2672 artus,
259 2600 343 2659 nuda
357 2619 410 2658 ora
423 2600 554 2672 foderet,
570 2600 713 2678 viamque
734 2611 836 2678 strage
851 2598 986 2658 hostium
1004 2599 1100 2677 aperi-

147 2706 207 2768 ret,
218 2695 406 2775 imprompto
420 2699 485 2776 jam
495 2697 646 2756 Arminio
662 2696 702 2755 ob
718 2696 866 2755 continua
879 2696 1022 2775 pericula,
1034 2695 1099 2754 sive

149 2792 237 2852 illum
251 2812 359 2852 recens
374 2807 533 2872 acceptum
549 2794 663 2852 vulnus
678 2794 865 2852 tardaverat.
906 2793 989 2864 Quin
1005 2802 1037 2852 et
1052 2792 1102 2851 In·

148 2889 354 2969 guiomerum,
369 2899 437 2949 tota
450 2892 635 2950 volitantem
653 2890 726 2962 acie,
741 2891 868 2950 fortuna
889 2890 988 2969 magis
1010 2909 1102 2970 quam
1123 2904 1153 2949 10

149 2987 248 3046 virtus
263 2987 433 3046 deserebat.
462 2987 505 3049 Et
519 2987 730 3060 Germanicus,
742 3008 802 3067 quo
813 2988 911 3067 magis
924 3006 1101 3067 agnoscere-

149 3093 210 3156 tur,
235 3084 416 3143 detraxerat
442 3085 580 3164 tegimen
606 3084 700 3163 capiti
729 3086 897 3165 orabatque
923 3087 1101 3145 insisterent

150 3180 314 3240 caedibus:
328 3180 373 3239 nil
388 3201 464 3260 opus
479 3183 618 3261 captivis,
630 3183 726 3241 solam
742 3183 985 3242 internecionem
999 3181 1101 3261 gentis

150 3277 245 3338 finem
264 3279 347 3338 bello
367 3278 442 3338 fore.
482 3279 615 3359 Jamque
636 3299 704 3339 sero
726 3280 788 3339 diei
809 3280 954 3340 subducit
976 3300 1013 3339 ex
1036 3277 1100 3337 acie

151 3374 306 3453 legionem
326 3374 475 3435 faciendis
495 3376 623 3435 castris:
644 3385 765 3436 ceterae
787 3376 826 3435 ad
848 3387 972 3436 noctem
993 3392 1101 3432 cruore
1125 3385 1154 3430 15

152 3470 289 3531 hostiurn
302 3471 433 3531 satiatae
447 3481 527 3531 sunt.
568 3471 698 3552 Equites
713 3472 856 3552 ambigue
872 3481 1039 3530 certavere.
