2580 3944
248 112 249 115 '
347 142 605 192 maronianum
634 143 745 192 nnana
775 144 940 192 rnnrrus.
1078 128 1144 195 lat

141 319 205 361 nou
225 300 370 361 tolerent.
411 297 507 375 Haec,
523 308 558 361 ut
579 320 716 380 quosque
736 311 921 375 accesseram
940 299 1029 380 plura
1049 303 1090 363 ad

142 397 301 470 tertianos‚
315 406 457 458 veterum
476 397 710 476 recentiumque
730 397 910 470 admonens,
925 407 961 457 ut
974 397 1032 458 sub
1046 397 1092 460 M.
1113 413 1144 460 1c

141 493 283 553 Antonio
297 491 439 567 Parthos,
454 494 511 554 sub
527 494 702 555 Corbulone
715 493 890 566 Armenios,
905 514 1003 572 nuper
1023 496 1091 557 Sar·

140 601 240 649 mat-as
261 590 461 669 pepulissent.
503 589 581 649 Mox
601 589 751 649 infensius
775 589 980 668 praetorianis
1001 592 1090 653 ‘vos'

141 687 252 766 inquit,
266 685 343 746 ‘nisi
358 685 490 760 vincitis,
507 686 629 766 pagani,
645 685 712 764 quis
726 685 804 745 alius
820 686 996 766 imperator,
1011 709 1089 768 quae

142 793 243 842 castra
257 783 317 842 alia
331 782 510 861 excipient?
544 781 612 841 Illic
626 781 716 861 signa
730 801 875 862 armaque
890 793 993 844 vestra
1007 795 1090 859 sunt,

142 890 174 939 et
188 899 270 938 mors
283 879 389 954 victis3
404 899 476 938 nam
490 877 691 957 ignominiam
706 879 957 958 consumpsistis!
991 880 1090 941 Undi-
1112 896 1143 941 15

142 996 202 1055 qne
223 975 347 1048 clamor,
362 986 394 1035 et
415 975 566 1035 orientem
588 974 684 1034 solem
701 973 761 1055 (ita
780 976 813 1034 in
829 976 919 1056 Syria
937 996 1005 1038 mos
1026 981 1087 1056 est)

141 1070 269 1131 tertiani
290 1073 472 1131 salutavere.

182 1167 230 1227 25.
260 1168 370 1246 Vagus
391 1167 473 1239 inde,
494 1185 533 1225 an
555 1165 684 1227 consilio
704 1167 793 1228 ducis
813 1169 956 1230 subditus
976 1190 1089 1243 rumor,

142 1264 302 1324 advenisse
314 1262 505 1336 Mucianum,
516 1263 669 1324 exercitus
680 1264 813 1325 invicem
822 1266 980 1327 salutasse.
1017 1268 1091 1327 Gra·

142 1361 218 1420 dum
237 1360 376 1419 inferunt
397 1359 484 1438 quasi
512 1360 687 1420 recentibus
715 1361 836 1421 auxiliis
864 1361 955 1436 aucti,
975 1363 1090 1424 rariore

141 1459 207 1537 jam
227 1456 470 1516 Vitellianorum
495 1455 570 1529 acie,
595 1466 631 1516 ut
652 1476 729 1536 quos
756 1457 842 1518 nullo
868 1467 990 1518 rectore
1017 1479 1091 1520 suus
1166 1536 1168 1540 ,

143 1572 295 1633 quemque
316 1552 452 1631 impetus
472 1554 523 1613 vel
543 1573 641 1632 pavor
661 1555 858 1615 contraheret
879 1554 1089 1616 diduceretve.
1128 1570 1143 1614 a

144 1650 314 1730 Postquam
329 1649 476 1727 impulsos
490 1650 586 1711 sensit
600 1651 765 1724 Antonius,
778 1651 875 1710 denso
895 1651 1018 1730 agmine
1039 1652 1091 1711 ob-
1127 1676 1130 1679 ·

143 1747 306 1807 turbabat:
334 1745 447 1807 Laxati
475 1747 600 1808 ordines
624 1748 858 1827 abrumpamur,
883 1767 940 1808 neo
967 1748 1089 1810 restitui

143 1844 269 1924 quivere
303 1843 544 1925 impedientibus
573 1843 720 1903 vehiculis
753 1845 985 1923 tormentisque.
1029 1843 1099 1903 Per'

143 1942 274 2002 limitem
285 1943 353 2002 viae
368 1950 556 2020 sparguntur
570 1940 768 2000 festinatione
783 1938 982 1999 consectandi
997 1939 1092 1999 vieto·

143 2059 201 2099 res.
235 2039 282 2098 Eo
297 2038 463 2099 notabilior
477 2035 586 2095 caedes
600 2035 669 2108 fuit,
683 2035 755 2115 quia
770 2035 849 2094 filius
864 2045 984 2113 patrem
998 2036 1091 2094 inter·
1112 2050 1142 2093 ro

144 2135 238 2195 fecit:
273 2156 337 2195 reni
373 2132 560 2211 nominaque
595 2142 720 2190 auctore
754 2131 910 2208 Vipstano
944 2130 1092 2190 Messalla
1152 2181 1155 2188 .

143 2232 275 2292 tradam.
302 2231 405 2290 Julius
419 2231 602 2290 Mansuetus
616 2247 654 2286 cx
670 2227 828 2305 Hispania,
843 2227 961 2305 Rapaci
976 2227 1091 2306 legioni

145 2328 278 2400 additus,
290 2327 446 2406 impubem
457 2327 555 2386 filium
571 2323 657 2384 domi
671 2325 822 2402 liquerat:
836 2323 862 2382 is
877 2342 948 2382 mox
960 2324 1092 2396 adultus,

144 2423 227 2483 inter
250 2422 438 2502 septimanos
460 2441 478 2481 a
502 2422 602 2482 Galba
625 2420 826 2498 conscriptus,
847 2419 985 2479 oblatum
1010 2419 1093 2479 forte

145 2530 265 2600 patrem
279 2530 312 2581 et
325 2518 454 2578 vulnere
469 2528 609 2593 stratum,
625 2519 700 2578 dum
714 2515 914 2575 semianimen
929 2521 1093 2588 scrutatur,
1114 2529 1146 2575 16

146 2614 270 2694 agnitus
294 2634 524 2695 agnoscensque
550 2623 582 2675 ct
609 2632 799 2694 exsanguem
826 2613 994 2691 amplexus,
1017 2630 1093 2672 voce
1148 2664 1151 2669 .

145 2711 240 2770 flebili
253 2712 437 2790 precabatur
450 2713 589 2790 placatos
602 2711 700 2790 patris
714 2728 829 2781 manes,
842 2727 918 2768 neve
933 2727 965 2767 se
981 2718 1015 2768 ut
1029 2727 1096 2786 par·

145 2806 274 2867 ricidam
295 2819 528 2867 aversarentur:
549 2807 706 2885 publicum
727 2805 760 2866 id
781 2804 921 2877 iacinus3
945 2812 978 2863 et
998 2822 1093 2862 unum

146 2903 278 2963 militem
306 2914 433 2982 quotam
461 2904 598 2963 civilium
625 2923 779 2962 armorum
806 2901 951 2982 partem?
996 2900 1094 2960 Simul

148 3000 289 3059 attollere
304 3019 424 3077 corpus,
439 2999 556 3078 aperire
576 3000 715 3072 humum,
730 3018 875 3078 supremo
895 3016 970 3077 erga
990 3015 1096 3075 paren·
1114 3009 1145 3056 ao

147 3104 213 3154 tem
227 3093 327 3154 officio
347 3095 446 3174 iungi.
485 3095 662 3154 Advertere
684 3094 825 3174 proximi,
839 3094 954 3154 deinde
974 3093 1095 3173 plures:

148 3190 220 3250 hinc
234 3209 426 3268 peromnem
440 3190 536 3249 aciem
558 3189 738 3250 miraculum
752 3199 785 3250 et
799 3199 926 3270 questus
939 3198 972 3250 et
986 3188 1097 3249 saevis·

148 3286 217 3345 simi
231 3285 304 3344 belli
319 3285 503 3346 exsecratio:
518 3305 576 3346 nec
590 3305 627 3346 eo
641 3286 765 3365 segnius
779 3285 976 3366 propinquos,
987 3284 1095 3356 affinis,

148 3381 260 3441 iratres
271 3381 428 3443 trucidant
439 3383 586 3462 spoliant3
601 3383 719 3443 lactum
733 3401 799 3444 esse
813 3383 913 3443 scelus
927 3383 1101 3462 loquuntur
1164 3394 1166 3397 ’

149 3477 336 3557 faciuntque.
648 3526 664 3574 6
1118 3489 1150 3534 25
