2580 3944
390 121 593 172 strumum
614 124 724 172 LIBER
747 125 895 175 SEXTUS.

297 513 300 519 .
321 457 578 525 ANNALIUM
610 461 752 527 LIBER
783 462 978 530 SEXTUS.

185 657 234 718 56.
269 656 343 719 Jam
364 657 524 718 Tiberium
546 680 667 741 eorpus,
687 665 752 742 jam
773 663 863 739 vires,
878 666 1018 727 nondum
1038 669 1097 729 dis-

142 753 303 815 simulatio
324 755 501 815 deserebat:
530 756 613 816 idem
642 760 737 818 animi
766 761 869 840 rigor3
898 783 1039 825 sermone
1061 788 1096 826 ac

142 851 236 911 vultu
259 850 408 924 intentus,
432 853 572 930 quaesita
599 854 756 915 interdum
782 860 939 933 comitate,
957 864 1096 941 quamvis

142 947 343 1008 manifestam
358 948 567 1009 defectionem
583 953 717 1031 tegebat.
760 954 954 1038 Mutatisque
975 962 1096 1039 saepius

143 1043 221 1104 locis
243 1045 370 1105 tandem
391 1045 474 1123 apud
494 1050 742 1124 promontorium
764 1051 879 1114 Miseni
901 1058 1042 1118 consedit
1064 1060 1095 1119 in
1134 1074 1149 1119 ὅ

142 1141 227 1214 villa,
242 1141 291 1199 cui
305 1139 340 1200 L.
355 1139 503 1202 Lucullus
517 1144 675 1222 quondam
690 1147 843 1209 domiuus.
874 1152 943 1212 Illic
958 1175 1027 1213 eum
1044 1176 1094 1234 ap-

143 1237 352 1320 propinquare
361 1239 511 1317 supremis
521 1240 575 1298 tali
584 1242 679 1302 modo
691 1259 893 1326 compertum.
917 1251 994 1311 Erat
1004 1254 1097 1312 rnedi-

144 1358 199 1399 cus
213 1349 280 1398 arte
293 1338 432 1420 insignis,
447 1345 573 1405 nomine
589 1347 756 1421 Charicles,
772 1370 831 1408 non
850 1349 973 1428 quidem
988 1369 1095 1427 regere

143 1436 339 1498 valetudines
350 1441 498 1521 principis
507 1444 625 1517 solitus,
635 1446 754 1505 consilii
766 1458 870 1506 tamen
883 1446 1002 1525 copiam
1012 1466 1096 1524 prae·

144 1533 228 1593 bere.
270 1534 301 1593 Is
321 1535 409 1597 velut
436 1540 563 1619 propria
584 1542 623 1600 ad
646 1543 772 1622 negotia
793 1543 970 1622 digrediens
991 1554 1023 1603 ct
1043 1564 1098 1622 per
1120 1560 1149 1604 ιο

144 1633 278 1714 speciem
290 1636 381 1696 officii
396 1657 521 1698 manum
537 1639 717 1718 complexus
732 1641 854 1718 pulsum
865 1660 1012 1699 venarum
1028 1641 1096 1699 atti-

143 1731 202 1812 git.
247 1730 357 1812 Neque
370 1733 503 1795 felellit:
526 1755 598 1795 narn
614 1737 764 1810 Tiberius,
781 1737 932 1796 incertum
947 1758 985 1796 an
1001 1737 1096 1797 offen·

144 1853 196 1894 sus
220 1842 369 1915 tantoque
394 1834 493 1916 magis
521 1835 599 1894 iram
622 1854 774 1913 premens,
799 1835 963 1894 instaurari
991 1836 1097 1914 epulas

143 1935 234 2016 jubet
245 1934 472 2014 discumbitque
485 1934 567 1993 ultra
581 1932 716 2004 solitum,
729 1931 815 2010 quasi
831 1931 939 1990 honori
955 1932 1097 1991 abeuntis

145 2031 236 2092 amici
264 2032 425 2092 tribueret.
469 2030 624 2091 Charicles
655 2039 758 2087 tamen
784 2027 845 2086 labi
871 2028 1013 2106 spiritum
1040 2048 1096 2088 nee
1119 2043 1149 2088 lo

144 2129 228 2188 ultra
238 2127 366 2187 biduum
378 2128 561 2186 duraturum
571 2126 711 2186 Macroni
723 2125 867 2184 firmarit.
896 2124 973 2183 Inde
986 2136 1097 2184 cuncta

145 2229 304 2309 colloquiis
318 2229 400 2289 inter
412 2235 598 2307 praesentes,
610 2223 726 2283 nuntiis
737 2222 820 2301 apud
836 2222 953 2299 legatos
968 2232 999 2280 et
1015 2242 1097 2280 exer-

145 2327 226 2387 citus
239 2326 475 2386 festinabantur.
519 2321 694 2401 Septimum
716 2319 871 2379 decimum
894 2318 964 2377 Kal.
980 2317 1097 2396 Aprilis

145 2423 312 2484 interclusa
326 2421 429 2481 anima
444 2419 581 2480 creditus
599 2428 646 2478 est
665 2415 887 2477 mortalitatem
908 2414 1097 2493 explevisse3

145 2530 178 2581 et
193 2522 290 2582 multo
304 2531 483 2601 gratantum
499 2536 648 2578 concursu
669 2515 709 2574 ad
728 2513 878 2593 capienda
899 2508 1098 2590 imperiipu‘-
1119 2526 1151 2572 20

144 2618 267 2678 mordia
279 2619 371 2679 Caius
384 2619 496 2679 Caesar
508 2613 736 2695 egrediebatur,
748 2631 818 2670 eum
831 2619 956 2688 repente
969 2608 1098 2667 affertur

145 2715 246 2774 redire
258 2715 385 2776 Tiberio
394 2735 503 2774 vocem
516 2732 551 2771 ac
562 2709 655 2784 visus,
666 2708 832 2786 vocarique
846 2706 897 2786 qui
913 2705 1097 2764 recreandae

145 2811 314 2872 defectioni
340 2811 442 2871 cibum
472 2810 625 2870 afferrent.
656 2806 760 2865 Pavor
783 2804 854 2864 binc
875 2804 906 2863 in
929 2821 1043 2874 omues,
1066 2811 1098 2862 ot

146 2908 241 2968 ceteri
254 2908 366 2987 passim
380 2907 525 2986 dispergi,
537 2926 569 2966 se
581 2905 709 2984 quisque
724 2913 876 2961 maestum
892 2910 945 2960 aut
960 2899 1098 2959 nescium

144 3005 280 3084 fingere3
303 3005 416 3064 Caesar
429 3004 460 3062 in
476 3003 632 3062 silentium
646 3002 724 3059 fixus
744 3019 762 3058 a
783 3017 903 3057 summa
924 3017 977 3076 spe
999 2995 1099 3055 noris·
1120 3010 1151 3054 25

146 3101 224 3160 sima
251 3100 446 3180 expectabat.
495 3100 601 3159 Macro
630 3097 803 3174 intrepidus
831 3094 965 3174 opprimi
993 3113 1098 3153 senem

146 3197 261 3277 injectu
276 3199 394 3257 multae
409 3197 502 3256 vestis
522 3197 612 3277 jubet
627 3193 806 3273 discedique
829 3193 867 3251 ab
889 3192 1003 3251 limine.
1047 3189 1098 3250 Sic

147 3294 290 3354 Tiberius
305 3291 415 3365 finivit,
430 3303 541 3353 octavo
556 3303 588 3352 et
603 3291 831 3371 septuagesimo
846 3289 957 3348 aetatis
973 3306 1063 3347 anno.

188 3392 236 3452 57.
274 3391 371 3450 Pater
391 3389 419 3449 ei
438 3389 522 3450 Nero
546 3399 577 3449 et
600 3387 754 3467 utrimque
777 3386 863 3466 origo
885 3383 988 3464 gentis
1010 3383 1098 3442 Clau·

634 3500 651 3549 4
