2580 3944
221 140 285 205 132
509 156 706 205 nxonnrvrn
726 155 943 205 racrrmsn

220 328 248 371 10
269 312 459 391 spectabant
501 314 685 391 Inrumpunt
700 312 863 373 Vitelliani
883 323 916 372 et
935 323 1049 374 cuncta
1068 320 1239 398 sanguine

272 410 352 466 ferro
372 409 564 488 flammisque
585 411 727 469 miscent.
769 408 865 468 Pauci
880 409 1061 469 militarium
1078 414 1243 493 virorum,

272 504 354 562 iuter
368 524 445 582 quos
459 507 593 563 maxime
614 506 751 584 insignes
767 506 928 564 Cornelius
943 506 1110 582 Martialis,
1125 515 1244 575 Aemi.

272 601 332 659 lius
347 600 500 673 Pacensis,
517 602 680 680 Casperius
695 602 804 680 Niger,
819 602 931 661 Didius
947 602 1073 676 Scaeva,
1088 626 1243 687 pugnam

272 697 338 756 ausi
360 698 592 757 obtruncantur.
633 698 777 756 Flavium
793 698 942 757 Sabinum
958 699 1112 760 inermem
1128 725 1242 785 neque

219 810 249 854 15
271 795 376 872 l'ugam
391 805 587 872 coeptantem
602 794 842 865 circumsistunt,
853 807 886 854 et
899 793 1065 866 Quintium
1079 799 1239 864 Atticum

272 891 442 957 consulem,
458 891 567 948 umbra
587 890 713 948 honoris
729 901 760 948 et
775 904 896 949 suamet
912 892 1049 951 vanitate
1074 912 1242 958 monstra·

271 997 349 1057 tum,
365 986 448 1063 quod
470 987 574 1044 edicta
594 986 625 1044 in
647 985 797 1064 populum
817 1005 874 1064 pro
890 986 1085 1066 Vespasiano
1105 995 1236 1072 magni·

270 1081 337 1149 fica,
352 1083 501 1159 probrosa
522 1083 670 1140 adversus
687 1082 850 1140 Vitellium
869 1084 999 1162 jecerat.
1039 1086 1152 1146 Ceteri
1175 1109 1239 1168 per

271 1181 374 1240 varios
402 1201 490 1240 casus
517 1182 622 1259 elapsi,
646 1181 773 1260 quidam
800 1182 906 1240 servili
933 1182 1053 1255 habitu,
1080 1185 1136 1244 alii
1166 1190 1236 1249 fide

218 1291 249 1336 20
269 1277 429 1336 clientium
450 1278 598 1350 contecti,
613 1288 645 1336 et
666 1277 748 1336 inter
769 1278 903 1337 sarcinas
924 1278 1041 1338 abditi:
1061 1280 1153 1342 fuere
1175 1286 1235 1364 qni

271 1385 401 1453 excepto
417 1375 659 1434 Vitellianorum
673 1374 771 1452 signo,
786 1394 848 1452 quo
862 1374 945 1433 inter
957 1395 990 1434 se
1004 1377 1234 1455 noscebantur,

271 1469 353 1527 ultro
368 1469 540 1547 rogitantes
555 1469 820 1548 respondentesve
840 1468 1002 1528 audaciam
1022 1489 1079 1549 pro
1101 1471 1235 1536 latebra

270 1564 430 1624 haberent.

311 1661 359 1720 74.
393 1660 593 1720 Domitianus
621 1662 723 1741 prima
749 1661 922 1742 irruptione
950 1663 1033 1743 apud
1059 1664 1233 1731 aedituum

270 1757 454 1828 occultatus,
468 1758 607 1816 sollertia
626 1759 730 1818 liberti
745 1760 826 1819 lineo
841 1761 956 1819 amictu
971 1761 1077 1820 turbae
1092 1766 1235 1828 sacrico-

269 1853 368 1911 larum
380 1854 539 1913 immixtus
554 1855 781 1935 ignoransque,
794 1857 875 1936 apud
888 1858 1068 1918 Cornelium
1079 1857 1235 1926 Primum

269 1963 433 2028 paternum
444 1951 587 2010 clientem
594 1953 687 2030 juxta
696 1953 868 2012 Velabrum
879 1954 1018 2014 delituit:
1032 1974 1068 2014 ao
1078 1958 1233 2034 potiente

216 2062 232 2106 s
271 2068 373 2106 rerum
400 2059 499 2127 patre,
521 2049 653 2128 disjecto
681 2050 799 2109 aeditui
827 2051 1040 2124 coutubernio,
1062 2053 1234 2119 modicum

269 2145 415 2202 sacellum
428 2145 450 2204 J
451 2144 504 2204 ori
519 2145 738 2205 Conservatori
753 2166 899 2227 aramque
914 2148 1018 2226 posuit
1037 2167 1128 2208 casias
1149 2171 1233 2215 suos

269 2241 301 2300 in
322 2262 473 2301 marmore
494 2262 687 2322 expressam
712 2263 785 2302 mox
805 2243 971 2323 imperium
991 2245 1124 2323 adeptus
1145 2247 1233 2311 Jovi

270 2339 400 2399 Custodi
425 2341 576 2418 templum
599 2340 708 2418 ingens
732 2360 825 2419 seque
850 2342 882 2399 in
907 2341 975 2400 sinu
1000 2341 1052 2400 dei
1076 2345 1233 2408 sacrarit.

270 2436 402 2496 Sabinus
427 2448 460 2497 et
481 2438 609 2496 Atticus
637 2437 757 2496 onerati
782 2438 900 2496 eatenis
927 2449 960 2497 et
987 2438 1026 2497 ad
1051 2436 1229 2503 Vrtellinm

217 2546 246 2591 10
267 2533 353 2592 ducti
368 2554 560 2613 nequaquam
573 2534 687 2592 infesto
698 2553 840 2593 sermone
854 2535 1002 2613 vultuque
1014 2534 1230 2613 excipiuntur,

269 2627 473 2688 frementibus
488 2630 541 2708 qui
556 2629 609 2707 jus
630 2629 734 2688 caedis
748 2641 780 2689 et
795 2631 932 2708 praemia
952 2617 1085 2689 nar'atae
1106 2649 1230 2708 operae

269 2727 435 2804 petebant:
456 2727 589 2784 elamore
604 2745 625 2783 α.
639 2727 789 2803 proximis
803 2739 873 2786 orto
887 2727 1015 2786 sordida
1028 2746 1099 2804 pars
1120 2728 1230 2805 plebis

268 2822 453 2900 supplicium
469 2821 576 2879 Sabini
590 2823 739 2899 exposeit,
754 2824 854 2882 minas
874 2823 1130 2900 adulationesque
1150 2827 1230 2887 mis-

268 2921 332 2975 cet?
371 2917 511 2975 Stantem
527 2937 584 2994 pro
597 2919 744 2995 gradibus
757 2919 870 2977 Palatii
885 2917 1049 2978 Vitellium
1065 2928 1097 2975 et
1111 2937 1230 2996 preces

216 3027 246 3071 15
267 3025 428 3090 parantem
443 3013 601 3090 pervicere
613 3025 648 3072 ut
660 3014 839 3073 absisteret:
855 3027 921 3072 turn
935 3012 1113 3073 confossum
1128 3015 1230 3077 colla-

268 3120 475 3188 oeratumque,
490 3123 523 3168 et
543 3111 660 3169 absciso
682 3111 793 3188 capite,
813 3122 957 3169 truncum
978 3129 1090 3188 eorpus
1110 3110 1230 3176 Sabini

268 3203 300 3262 in
316 3204 482 3263 Gemonias
497 3207 634 3264 trahunt.

310 3301 357 3360 78.
388 3303 469 3359 Dum
484 3301 560 3359 haec
581 3300 612 3359 in
633 3300 773 3379 partibus
788 3301 910 3360 Vitellii
930 3311 1089 3380 geruntur,
1104 3300 1231 3380 dignes.

268 3417 320 3457 sus
343 3396 463 3455 Narnia
483 3395 667 3475 Vespasiani
694 3397 850 3457 exercitus
876 3398 972 3457 festos
1001 3397 1129 3458 Saturni
1152 3401 1229 3466 dies
