2610 3908
290 191 487 242 axonam
508 190 663 242 umnoor
677 191 737 256 mr
755 191 1001 251 oasromsus.
1091 175 1154 240 155

149 351 210 412 bus
227 368 326 430 prope
348 350 458 411 diebus
473 369 518 411 ‘ac
540 368 638 430 prope
661 349 805 410 omnibus
823 349 913 408 >horis
938 347 1102 427 contingit.

150 448 233 520 Quid
245 447 330 507 enim
340 447 461 507 dulcius
475 447 573 509 libero
587 456 620 506 et
633 445 770 525 ingenuo
782 445 884 505 animo
899 455 931 504 et
945 445 985 504 ad
996 446 1103 522 volup-

149 555 230 605 tates
244 546 390 605 honestas
404 553 487 618 nato,
498 563 591 622 quam
605 543 711 602 videre
726 544 849 622 plenam
864 560 985 619 semper
999 552 1031 600 et
1045 541 1104 600 fro·
1140 555 1155 600 t

150 651 298 720 quentem
326 641 455 700 domum
482 659 569 699 suam
597 658 749 700 concursu
783 637 1103 717 splendidissimorum

149 737 331 797 hominum?
352 737 446 816 idque
461 736 538 797 scire
553 755 616 794 non
630 735 790 815 pecuniae,
805 754 869 794 non
890 733 1025 806 orbitati,
1040 753 1102 793 non

150 834 240 893 officii
255 833 384 914 alicujus
398 832 672 905 administrationi,
687 831 740 890 sed
757 830 814 890 sibi
829 831 889 909 ipsi
904 829 993 889 dari?
1014 829 1102 908 Ipsos

150 929 224 1008 quin
239 930 336 990 immo
349 930 441 990 orbos
456 940 488 989 et
505 929 676 1008 locupletes
697 937 730 988 et
751 937 896 1006 potentes
911 927 1019 986 venire
1040 927 1103 1005 ple-

149 1047 279 1108 rumque
301 1028 344 1087 ad
361 1029 512 1108 juvenem
530 1035 563 1086 et
582 1045 761 1104 pauperem,
777 1035 811 1085 ut
825 1036 879 1084 aut
893 1043 949 1084 sua
963 1032 1017 1083 aut
1032 1023 1105 1082 ami-
1126 1038 1155 1082 ιο

150 1144 256 1183 corum
265 1122 682 1184 discriminacommendent.
708 1122 823 1183 Ullane
832 1130 921 1182 tanta
929 1120 1103 1199 ingentium

150 1241 245 1300 opum
269 1239 305 1281 ac
329 1240 460 1299 magnac
483 1220 643 1299 potentiae
667 1219 823 1297 voluptas,
845 1237 938 1299 quam
962 1230 1103 1296 spectare

149 1316 290 1377 homines
300 1328 423 1377 veteres
436 1325 469 1377 et
482 1335 571 1376 senes
586 1325 618 1375 et
632 1313 730 1374 totius
742 1314 826 1374 urbis
839 1314 942 1393 gratia
955 1313 1103 1374 subnixos

150 1414 182 1474 in
203 1433 323 1474 summa
343 1432 447 1473 rerum
468 1412 607 1473 omnium
635 1410 827 1471 abundantia
854 1410 1047 1483 confitentes,
1068 1409 1102 1468 id

150 1511 234 1592 quod
255 1511 408 1590 optimum
422 1509 463 1569 sit
477 1529 510 1570 se
524 1529 587 1568 non
607 1507 745 1567 habere?
761 1506 828 1586 jam
849 1525 924 1565 vero
946 1506 999 1585 qui
1018 1515 1104 1584 toga
1124 1519 1156 1564 15

149 1620 252 1668 torum
267 1607 433 1668 comitatus
447 1616 481 1668 et
493 1605 651 1687 egressus!
673 1623 752 1684 quae
773 1603 805 1662 in
827 1601 951 1683 publico
968 1601 1101 1681 species!

150 1724 228 1784 quae
243 1705 274 1765 in
291 1705 419 1785 judiciis
432 1703 611 1765 veneratio!
633 1704 716 1784 quod
730 1701 880 1782 gaudium
895 1698 1102 1779 consurgendi

151 1802 375 1881 assistendique
398 1802 482 1862 inter
506 1811 646 1862 tacentes
671 1809 703 1861 et
730 1801 763 1860 in
791 1819 888 1860 unum
916 1795 1102 1858 conversosi

151 1899 232 1958 coire
258 1899 407 1978 populum
430 1908 463 1959 et
490 1898 698 1960 circumfundi
725 1917 874 1958 coronam
902 1906 936 1957 et
964 1895 1102 1974 accipere

150 1995 297 2054 affectum
312 2015 526 2075 quemcunque
545 2005 650 2055 orator
670 1995 823 2056 induerit!
845 1994 988 2074 vulgaria
1003 1994 1104 2054 dicen·
1124 2006 1156 2052 20

149 2091 230 2150 tium
253 2092 369 2169 gaudia
393 2102 426 2151 et
449 2092 664 2170 imperitorum
688 2111 810 2171 quoque
838 2093 936 2152 oculis
961 2091 1103 2170 exposita

151 2205 316 2264 percenseo
326 2208 333 2245 ε
348 2187 401 2245 illa
412 2188 579 2248 secretiora
590 2198 622 2247 et
634 2197 756 2248 tantum
772 2190 845 2268 ipsis
857 2190 1017 2250 orantibus
1028 2198 1102 2250 nota

149 2283 268 2361 majora
288 2290 370 2343 sunt.
421 2282 493 2343 Sive
515 2294 690 2344 accuratam
717 2287 962 2367 meditatamque
983 2286 1103 2366 profert

150 2380 331 2452 orationem,
344 2389 390 2439 est
400 2380 557 2459 quoddam
572 2380 651 2441 sicut
665 2381 762 2460 ipsius
774 2383 928 2456 dictionis,
941 2384 985 2443 ita
994 2382 1101 2462 gandii

149 2477 272 2557 pondus
292 2487 325 2536 et
344 2477 538 2551 constantia3
558 2477 624 2537 sive
644 2498 760 2538 novam
774 2487 807 2538 et
823 2487 980 2539 recentem
995 2498 1100 2538 curam
1123 2491 1155 2538 215

150 2594 211 2635 non
227 2573 293 2637 sine
307 2573 411 2654 aliqua
425 2572 633 2653 trepidatione
653 2575 748 2635 animi
770 2575 920 2648 attulerit,
935 2575 1002 2654 ipsa
1022 2574 1102 2634 solli-

150 2663 256 2731 citudo
278 2671 477 2731 commendat
498 2682 645 2732 eventum
667 2682 699 2732 et
720 2672 914 2733 lenocinatur
935 2670 1101 2750 voluptati.

152 2767 214 2826 Sed
243 2768 463 2847 extemporalis
492 2769 640 2830 audaciae
669 2779 764 2850 atque
791 2768 887 2848 ipsius
915 2767 1103 2828 temeritatis

149 2864 200 2923 vel
217 2865 383 2944 praecipua
401 2866 582 2946 jucunditas
603 2876 670 2941 est3
691 2887 764 2926 nam
778 2870 814 2926 in
828 2865 955 2944 ingenio
969 2885 1102 2945 quoque,

150 2957 230 3019 sicut
243 2959 275 3019 in
287 2980 372 3040 agro,
384 2981 559 3043 quanquam
575 2965 593 3035 t
608 2964 668 3023 alia
679 2963 733 3024 diu
747 2971 887 3023 serantur
898 2972 992 3040 atque
1003 2961 1104 3021 elabo-
1125 2975 1156 3022 3⁰

149 3064 267 3128 rentur,
281 3057 419 3134 gratiora
432 3068 538 3118 tamen
553 3079 632 3138 quae
647 3079 702 3121 sua
717 3069 827 3138 sponte
841 3069 1021 3120 nascuntur.

190 3153 238 3210 21.
266 3150 375 3214 Oratio
396 3162 510 3227 autem,
531 3154 612 3215 sicut
632 3174 742 3233 corpus
762 3154 904 3227 hominis,
919 3155 1103 3215 eademum

148 3249 278 3328 pulchra
288 3258 344 3322 est,
353 3249 386 3308 in
396 3268 457 3329 qua
468 3269 531 3309 non
540 3250 784 3312 eminentvenae
795 3270 852 3311 nec
861 3270 1103 3312 ossanumeran-

148 3357 210 3419 tur,
223 3346 279 3406 sed
293 3356 487 3425 temperatus
508 3365 545 3406 ac
565 3346 664 3407 bonus
685 3346 811 3426 sanguis
831 3347 943 3427 implet
962 3347 1103 3407 membra

149 3453 181 3503 et
195 3443 336 3525 exsurgit
350 3443 428 3504 toris
442 3443 587 3524 ipsosque
604 3463 717 3504 nervos
737 3443 832 3505 rubor
852 3444 934 3524 tegit
954 3454 988 3505 et
1008 3444 1103 3503 decor
