2610 3908
365 184 562 236 axonam
584 185 698 234 mrsu
720 185 943 238 AGRIOOLAE.
1091 176 1153 242 151

152 344 275 407 offerre.
316 343 437 406 Passim
459 362 545 403 arma
568 351 601 404 et
626 363 755 424 corpora
779 353 811 404 et
838 344 931 405 laceri
959 357 1043 407 artus
1072 360 1155 411 et1c

151 451 282 501 cruenta
295 442 424 515 humus3
438 451 470 501 et
485 440 651 519 aliquando
666 441 760 500 etiam
771 441 863 500 victis
877 441 923 500 ira
934 441 1102 525 virtusque.

154 540 327 617 Postquam
345 537 432 598 silvis
447 535 782 615 appropinquaverunt,
804 537 908 608 'sitem
930 539 1046 617 primos
1059 563 1103 602 se

152 625 313 713 quentium
334 634 474 694 incautos
495 633 617 692 collecti
642 642 674 691 et
698 633 837 692 locorum
862 635 952 714 gnari
976 638 1103 698 circum·
1190 661 1202 679 .

151 730 329 791 veniebant.
372 729 463 800 Quod
479 727 511 788 ni
525 727 671 807 frequens
685 729 799 807 ubique
816 730 963 811 Agricola
984 735 1102 794 validas

152 836 184 885 et
198 827 359 906 expeditas
373 826 516 886 cohortes
531 825 685 904 indaginis
700 827 805 900 modo,
821 839 853 888 et
872 829 969 889 sicubi
988 831 1103 891 artiora
1123 847 1155 892 ao

151 933 249 997 erant,
271 935 390 1003 partem
412 921 551 1001 equitum
573 921 708 983 dimissis
736 925 831 1006 equis,
852 925 943 986 simul
972 928 1102 988 rariores

151 1021 242 1080 silvas
263 1021 399 1099 equitem
420 1019 590 1098 persultare
614 1019 766 1098 jussisset,
788 1034 950 1105 acceptum
977 1024 1102 1105 aliquod
1131 1038 1134 1043 ‘

150 1117 262 1175 vulnus
276 1136 332 1194 per
347 1115 473 1175 nimiam
487 1115 634 1175 fiduciam
648 1117 739 1180 foret.
781 1119 927 1180 Ceterum
948 1121 1000 1180 ubi
1022 1142 1102 1182 com·

149 1212 267 1291 positos
288 1211 384 1270 firmis
405 1209 566 1271 ordinibus
587 1215 674 1293 sequi
696 1235 797 1275 rursus
811 1216 927 1289 videre,
941 1217 973 1276 iu
994 1219 1101 1297 fugam

149 1308 242 1381 versi,
258 1326 320 1366 non
335 1305 519 1385 agminibus,
536 1318 570 1367 ut
585 1311 679 1387 prius,
695 1330 751 1369 neo
771 1312 849 1372 alius
869 1313 963 1372 alium
984 1335 1102 1393 respeo·
1121 1329 1153 1374 25

150 1414 263 1476 tantes,
277 1403 338 1462 rari
353 1413 385 1462 et
400 1401 565 1463 vitabundi
586 1405 720 1464 invicem
741 1407 909 1486 longinqua
923 1418 1015 1486 atque
1032 1410 1102 1471 uria

150 1501 280 1581 petiere.
322 1498 410 1559 Finis
431 1501 581 1580 sequendi
604 1522 665 1561 nox
689 1513 721 1562 et
743 1502 870 1563 satietas
894 1504 961 1564 fuit.
1004 1505 1101 1566 Caesa

149 1597 285 1657 hostium
301 1599 341 1658 ad
356 1598 465 1658 decem
478 1599 583 1659 milia:
600 1611 776 1660 nostrorum
791 1601 924 1661 trecenti
939 1603 1102 1683 sexaginta

149 1695 296 1771 cecidere,
320 1696 352 1756 in
382 1696 450 1777 quis
475 1698 575 1758 Aulus
600 1698 725 1758 Atticus
753 1697 928 1776 praefectus
953 1700 1099 1775 cohortis,

143 1795 276 1875 juvenili
292 1796 403 1856 ardore
419 1805 451 1855 et
465 1795 580 1856 ferocia
594 1795 664 1875 equi
679 1796 819 1856 hostibus
833 1796 947 1857 illatus.
1122 1814 1152 1859 ao

189 1895 236 1954 38.
267 1895 310 1956 Et
324 1915 387 1956 nox
401 1894 526 1976 quidem
545 1893 660 1972 gaudio
680 1893 855 1980 praedaque
876 1895 958 1954 laeta
978 1895 1101 1955 victori-

148 1991 222 2051 bus:
238 1992 383 2052 Britanni
398 1994 538 2072 palantes
552 1991 712 2069 mixtoque
723 1989 860 2050 virorum
874 1992 1099 2071 mulierumque
1156 1993 1158 2001 '

148 2088 273 2164 ploratu
297 2091 419 2150 trahere
446 2089 632 2159 vulneratos,
654 2105 764 2145 vocare
791 2088 938 2164 integros,
959 2089 1100 2146 deserere

150 2185 259 2245 domos
274 2205 309 2245 ao
324 2206 379 2264 per
399 2186 476 2244 iram
491 2185 573 2243 ultro
588 2183 764 2254 incendere,
779 2182 892 2260 eligere
914 2182 1046 2243 latebras
1068 2194 1100 2244 et

149 2281 255 2341 statim
276 2282 471 2360 relinquere;
499 2280 627 2340 miscere
648 2277 782 2337 invicem
804 2278 932 2338 consilia
954 2280 1100 2361 [aliqna],
1138 2297 1153 2342 ὅ

149 2377 264 2437 deinde
285 2397 445 2456 separare3
473 2375 640 2456 aliquando
667 2373 768 2452 ti‘angi
789 2386 916 2453 aspectu
936 2376 1102 2454 pignorum

148 2494 285 2549 suorum,
300 2475 423 2555 saepius
438 2474 607 2534 concitari:
628 2470 763 2550 satisque
784 2471 948 2530 constabat
967 2472 1100 2534 saevisse

149 2572 301 2651 quosdam
315 2571 347 2631 in
363 2573 512 2652 conjuges
527 2591 562 2631 ac
578 2570 700 2643 liberos,
712 2578 859 2646 tanquam
870 2566 1099 2629 misererentur.

149 2669 316 2730 Proximus
331 2669 398 2729 dies
412 2669 523 2728 faciem
539 2668 689 2728 victoriae
711 2665 804 2726 latius
818 2664 956 2743 aperuit:
977 2675 1101 2725 vastum

149 2765 262 2845 ubique
278 2765 446 2836 silentium,
463 2765 577 2824 deserti
592 2765 694 2838 colles,
709 2760 860 2824 fumantia
880 2762 988 2840 procul
1009 2770 1101 2835 tecta,
1125 2779 1152 2822 ιο

148 2882 240 2921 nemo
252 2862 499 2940 exploratoribus
511 2861 630 2922 obvius.
660 2861 780 2932 Quibus
794 2860 825 2920 in
841 2878 965 2919 omnem
980 2871 1100 2938 partem

150 2957 294 3029 dimissis,
309 2957 362 3016 ubi
382 2957 500 3016 ineerta
516 2958 607 3037 fugae
623 2957 756 3036 vestigia
770 2976 871 3036 neque
886 2974 1016 3034 usquam
1030 2975 1101 3014 con-

149 3052 269 3131 globari
302 3053 407 3112 hostes
436 3064 630 3131 compertum
661 3056 709 3129 (et
742 3065 853 3113 exacta
882 3053 949 3132 jam
983 3061 1100 3112 aestate

150 3148 253 3226 spargi
267 3148 383 3207 bellum
396 3147 570 3228 nequibat),
582 3148 614 3207 in
629 3148 700 3208 finis
711 3147 914 3210 Borestorum
929 3148 1100 3210 exercitum

150 3244 287 3304 deducit.
1122 3260 1152 3306 15

190 3341 238 3400 44.
265 3341 367 3400 Natus
389 3348 456 3401 erat
474 3340 623 3420 Agricola
638 3340 713 3401 Caio
729 3341 861 3402 Caesare
881 3343 1009 3403 tertium
1030 3362 1101 3403 con·

150 3437 216 3497 sule
240 3436 344 3499 idibus
366 3436 486 3510 Juniis:
514 3437 646 3498 excessit
670 3447 759 3499 sexto
787 3448 820 3500 ct
842 3438 1099 3520 quinquagesimo
