2580 3944
143 157 208 222 100
424 171 619 221 uxorum
640 171 855 222 accimus.

195 333 338 392 cohortes
351 349 414 389 una
427 330 556 390 tendere
570 331 610 390 ob
624 340 763 390 veterem
779 330 927 390 adversus
945 332 1149 412 quartadecu-

196 448 303 488 manos
318 427 513 487 discordiam.
554 426 624 486 Nec
639 428 692 486 diu
706 427 739 488 in
752 427 849 487 tantis
863 438 1052 488 armatorum
1067 430 1147 489 odiis

144 541 173 585 10
195 525 282 605 quies
296 525 374 584 fuit:
390 525 552 602 Augustae
567 523 783 597 Taurinorum,
798 524 873 582 dum
887 524 1030 602 opificem
1044 545 1149 604 qrrem·

196 623 266 681 dam
281 622 419 681 Batavus
434 630 469 680 ut
482 620 695 679 fraudatorem
709 620 888 693 insectatur,
903 620 1089 701 legionarius
1110 633 1147 682 ut

195 719 349 796 hospitem
367 727 482 788 tuetur,
497 716 544 775 sui
565 717 676 796 cuique
697 718 924 777 commilitones
946 719 1106 799 aggregati
1128 739 1147 778 a

196 815 344 876 conviciis
359 814 398 872 ad
413 813 540 872 caedem
555 813 704 873 transiere
716 833 724 887 ;
745 823 778 872 et
792 814 944 892 proelium
958 825 1048 875 atrox
1062 835 1148 875 exar-

196 909 295 982 sisset,
311 908 342 967 ni
357 909 436 966 duae
451 907 623 985 praetoriae
638 908 782 968 cohortes
803 927 926 969 causam
948 910 1148 989 quartadecu-

143 1021 174 1066 15
196 1025 356 1065 manorum
372 1015 495 1063 secutae
510 1003 558 1063 his
571 1003 717 1064 fiduciam
732 1015 765 1065 et
778 1015 896 1065 metum
912 1005 1040 1066 Batavis
1059 1006 1148 1066 iecis-

196 1112 282 1162 sent:
297 1120 375 1180 quos
386 1099 534 1159 Vitellius
545 1100 660 1179 agmini
670 1120 725 1159 suo
736 1101 827 1181 jungi
842 1112 878 1161 nt
891 1103 979 1175 lidos,
990 1102 1147 1182 legionem

196 1199 286 1258 Grais
298 1197 429 1276 Alpibus
443 1196 619 1256 traductam
634 1216 672 1257 eo
686 1197 770 1257 flexu
783 1198 903 1258 itineris
917 1198 961 1258 ire
971 1199 1072 1278 jubet,
1083 1219 1147 1278 quo

197 1295 353 1354 Viennam
369 1293 522 1367 vitarent3
543 1313 676 1373 namque
691 1305 724 1353 et
737 1294 934 1355 Viennenses
947 1295 1146 1356 timebantur.

195 1395 300 1454 Nocte
314 1413 375 1474 qua
388 1393 640 1473 proficiscebatur
654 1393 747 1473 legio,
762 1394 880 1454 relictis
894 1394 1009 1474 passim
1022 1394 1147 1474 ignibus

143 1507 173 1552 20
194 1513 264 1572 pars
280 1491 434 1551 Taurinae
449 1490 588 1550 coloniae
603 1491 754 1564 ambusta,
768 1492 852 1571 quod
866 1493 1023 1565 damnum,
1036 1502 1072 1550 ut
1086 1494 1149 1570 ple·

196 1607 291 1666 raque
311 1588 386 1646 belli
407 1586 498 1659 mala,
520 1587 688 1665 majoribus
712 1587 842 1647 aliarum
862 1584 986 1648 urbium
1006 1587 1147 1648 cladibus

197 1684 405 1743 obliteratum.
449 1682 732 1754 Quartodecumani
755 1696 921 1763 postquam
942 1683 1075 1764 Alpibus
1095 1684 1148 1744 de·

195 1782 292 1862 gressi
307 1791 389 1853 sunt,
400 1780 649 1841 seditiosissimus
664 1781 792 1860 quisque
806 1782 895 1859 signa
903 1781 1058 1841 Viennam
1072 1781 1148 1841 fere-

196 1879 290 1938 bant:
311 1898 462 1939 consensu
477 1877 638 1937 meliorum
653 1877 818 1955 compressi
835 1888 867 1936 et
881 1877 963 1956 legio
977 1877 1010 1936 in
1025 1876 1148 1937 Britan-

143 1991 174 2036 26
195 1976 280 2035 niam
294 1985 478 2036 transvecta.

236 2075 285 2133 67.
314 2073 479 2131 Proximus
494 2070 625 2130 Vitellio
640 2090 657 2129 e
671 2069 836 2149 praetoriis
851 2069 1030 2130 cohortibus
1044 2080 1147 2131 metus

197 2177 273 2227 erat.
302 2167 442 2246 Separati
454 2166 587 2243 primum
597 2165 710 2223 deinde
720 2164 827 2223 addito
836 2165 984 2224 honestae
992 2164 1146 2224 missionis

196 2265 374 2337 lenimento,
394 2282 479 2322 arma
506 2261 546 2321 ad
573 2261 715 2320 tribunos
743 2280 814 2320 suos
834 2260 1027 2334 deferebant,
1045 2261 1146 2321 donec

195 2371 315 2421 motum
326 2360 546 2438 aVespasiano
554 2357 668 2417 bellum
679 2357 885 2417 crebresceret
894 2377 901 2416 :
911 2367 978 2417 turn
986 2368 1147 2436 resumpta

195 2453 876 2532 militiaroburFlavianarumpartiumiuere.
894 2452 1147 2514 Primaclassico·

196 2575 265 2613 rum
275 2554 357 2633 legio
366 2554 398 2612 in
409 2553 592 2631 Hispaniam
603 2551 704 2620 missa,
712 2561 747 2609 ut
756 2569 833 2629 pace
842 2560 875 2609 et
884 2549 949 2610 otio
957 2549 1145 2623 mitesceret,

197 2651 371 2709 undecuma
388 2669 423 2709 ac
441 2649 573 2727 septima
593 2647 656 2706 suis
677 2645 812 2705 hibernis
833 2646 985 2718 redditae,
1000 2645 1147 2705 tertiade-

197 2747 319 2805 cumani
337 2756 454 2805 struere
476 2744 704 2823 amphitheatra
720 2742 818 2822 jussi3
840 2761 912 2801 nam
927 2741 1061 2801 Caecina
1076 2741 1148 2801 Cre-

197 2861 318 2914 monae,
346 2841 464 2901 Valens
493 2841 653 2899 Bononiae
687 2838 899 2919 spectaculum
933 2837 1146 2917 gladiatorum

145 2954 174 2998 10
195 2938 286 2998 edere
301 2937 459 3016 parabant,
474 2957 632 3015 nunquam
645 2936 691 2995 ita
705 2936 745 2994 ad
760 2954 848 2994 curas
861 2933 985 2996 intento
1000 2933 1145 3008 Vitellio,

198 3046 232 3094 ut
248 3034 442 3113 voluptatum
457 3034 698 3093 oblivisceretur.

239 3131 286 3191 70.
322 3130 401 3190 Inde
430 3130 576 3190 Vitellius
606 3130 791 3189 Cremonam
819 3128 916 3202 flexit,
945 3136 978 3189 et
1004 3136 1146 3208 spectato

199 3247 325 3289 munere
347 3227 498 3287 Caecinae
526 3227 669 3286 insistere
692 3225 951 3286 Bedriacensibus
972 3224 1089 3305 campis
1110 3242 1146 3284 ac

198 3325 331 3404 vestigia
353 3325 487 3383 recentis
511 3324 660 3384 victoriae
684 3323 814 3383 lustrare
837 3323 932 3382 oculis
955 3320 1146 3401 concupivit,

198 3423 324 3482 foedum
335 3431 428 3501 atque
439 3431 527 3481 atrox
538 3420 764 3499 spectaculum:
779 3419 862 3479 iutra
876 3418 1147 3501 quadragesimum
