2610 3908
372 185 631 239 rrrsroarautm
652 187 763 237 amna
784 189 951 238 ruamus.
1091 172 1155 240 127

152 343 279 405 nuntios
300 343 396 405 cladis
410 344 569 406 occultans
584 345 682 406 stulta
695 344 950 419 dissimulatione,
963 345 1103 407 remedia

151 441 256 518 potius
276 442 430 500 malorum
451 461 543 521 quam
571 443 652 501 mala
671 441 844 503 differebat.
886 440 1012 522 Quippe
1032 463 1103 504 con·
1147 463 1151 471 ·

151 535 255 596 fitenti
276 537 526 616 consultantique
540 548 722 617 supererant
736 558 806 617 spes
819 538 980 618 viresque:
1000 552 1102 601 eume

154 633 312 694 contrario
339 633 422 692 laeta
449 633 553 694 omnia
578 633 719 712 fingeret,
746 633 829 694 falsis
857 634 1102 714 ingravescebat.
1138 651 1154 698 ιι

151 727 268 787 Mirum
290 728 372 809 apud
392 729 494 808 ipsum
514 729 555 790 de
574 730 656 790 bello
677 728 853 805 silentium;
877 733 1026 812 prohibiti
1046 754 1102 814 per

151 824 312 887 civitatem
323 844 480 886 sermones
494 845 593 905 eoque
607 827 721 905 plures,
736 845 772 886 ae
786 827 812 888 si
826 828 934 890 liceret
947 849 1020 890 vere
1034 850 1102 890 nar·

150 921 256 995 ratuu',
281 920 354 1001 quia
381 922 569 982 vetabantur
596 923 749 982 atrociora
776 925 992 1005 vulgaverant.
1032 926 1102 987 Nec

150 1017 246 1076 duces
260 1018 396 1078 hostium
411 1019 572 1098 augendae
591 1018 692 1079 famae
706 1019 844 1097 deerant,
858 1032 965 1102 captos
979 1022 1102 1083 Vitellii

151 1114 362 1191 exploratores
377 1115 675 1194 circumductosque,
689 1128 726 1177 ut
745 1118 857 1178 robora
871 1119 998 1181 victoris
1010 1139 1103 1179 exer·
1124 1133 1153 1178 ιο
1173 1120 1176 1127 ’

151 1211 231 1270 citus
265 1220 438 1284 noscerent,
472 1211 692 1288 remittend03.
715 1234 791 1294 quos
826 1216 926 1276 omnis
953 1216 1100 1277 Vitellius

150 1315 269 1367 secreto
282 1315 483 1384 percontatus
493 1305 638 1366 'interfici
643 1309 746 1388 jussit.
771 1310 804 1370 N
805 1310 912 1371 otabili
926 1310 1101 1371 constantia

151 1402 293 1464 centurio
306 1403 409 1464 Julius
423 1402 579 1481 Agrestis,
589 1415 664 1482 post
678 1407 792 1467 multos
809 1427 974 1482 sermones,
987 1408 1100 1487 quibus

150 1499 316 1559 Vitellium
337 1499 377 1557 ad
391 1497 541 1558 virtutem
562 1501 677 1561 frustra
696 1503 893 1577 accendebat,
906 1504 1043 1583 perpulit
1063 1513 1100 1564 ut

150 1595 190 1656 ad
206 1594 288 1656 vires
302 1595 439 1655 hostium
459 1597 643 1674 spectandus
657 1618 797 1679 quaeque
817 1600 899 1678 apud
915 1599 1100 1660 Cremonam
1121 1614 1152 1661 ru

150 1704 221 1752 acta
233 1691 339 1753 forent
353 1691 418 1771 ipse
433 1693 620 1755 mitteretur.
660 1695 693 1754 N
695 1716 730 1756 ec
750 1696 962 1776 exploratione
979 1698 1100 1758 occulta

149 1789 258 1850 fallere
278 1788 453 1848 Antonium
480 1791 624 1866 tentavit,
648 1793 704 1852 sed
730 1792 879 1852 mandata
904 1793 1100 1871 imperatoris

149 1905 299 1967 suumque
314 1886 451 1947 animum
467 1887 632 1966 professus,
645 1899 680 1949 ut
694 1897 806 1949 cuncta
818 1890 933 1950 viseret
946 1890 1099 1967 postulat:

149 1985 234 2047 missi
262 1985 315 2067 qui
345 1987 448 2047 locum
474 1985 594 2064 proelii,
625 1985 795 2046 Cremonae
823 1986 966 2066 vestigia,
979 1997 1100 2064 ¹’captus

149 2084 287 2163 legiones
301 2085 513 2145 ostenderent
554 2082 696 2161 Agrestis
711 2083 751 2141 ad
763 2082 926 2142 Vitellium
941 2083 1101 2156 remeavit,
1122 2097 1153 2142 ao

150 2181 361 2260 abnuentique
374 2200 450 2242 vera
466 2199 533 2240 esse
547 2197 625 2258 qnae
640 2178 747 2238 afferet
760 2187 854 2256 atque
873 2180 957 2238 ultro
978 2199 1101 2257 corrup-

150 2287 218 2338 tum
239 2278 391 2356 arguenti,
411 2275 553 2357 ‘quando
574 2274 716 2354 quidem’
736 2273 838 2353 inquit
858 2281 987 2353 ‘magno
1009 2275 1101 2335 ‹locu-

149 2383 257 2435 mento
271 2379 349 2452 opus
363 2383 421 2447 est,
436 2393 495 2434 nec
509 2372 586 2433 alius
597 2371 668 2450 ¹jam
683 2369 740 2431 tibi
755 2380 810 2430 aut
823 2370 907 2430 vitae
922 2381 976 2430 aut
990 2371 1100 2432 mortis
1144 2423 1147 2428 .

149 2489 237 2530 meae
264 2490 352 2551 usus,
374 2470 456 2532 dabo
484 2470 535 2530 cui
563 2466 691 2530 credas?
731 2466 838 2545 Atque
871 2465 918 2526 ita
944 2466 1101 2545 digressus

150 2566 328 2627 voluntaria
340 2576 442 2628 morte
457 2566 542 2627 dicta
555 2564 711 2628 firmavit:
733 2563 859 2643 quidam
874 2563 963 2641 jussu
977 2563 1101 2624 Vitellii
1121 2579 1153 2625 au

150 2662 360 2736 interfectum,
375 2663 491 2724 deiide
505 2661 742 2741 constantiaque
757 2659 868 2720 eadem
880 2658 1047 2720 tradidere.
1094 2685 1097 2689 ’
1145 2683 1148 2687 ·

156 2768 160 2815 5
190 2761 239 2820 63.
273 2760 420 2838 Abrupta
439 2759 576 2838 nudique
597 2779 661 2839 spe,
676 2756 866 2820 Vitellianus
885 2754 975 2816 miles
995 2755 1103 2834 transi÷

143 2869 239 2916 >turus
258 2856 290 2915 in
310 2865 425 2934 partes,
445 2855 479 2916 id
502 2875 624 2935 quoque
646 2875 710 2914 non
730 2853 797 2915 sine
818 2853 940 2927 decore,
963 2853 1020 2913 sed
1042 2853 1101 2913 sub

87 2937 88 2940 Ἴ
149 2952 246 3030 signis
259 2952 441 3031 vexillisque
456 2951 489 3010 in
502 2951 662 3030 subjectos
676 2950 813 3010 Narniae
834 2968 959 3028 campos
978 2949 1103 3009 descen·

150 3048 233 3106 dere.
275 3046 443 3106 Flavianus
470 3047 633 3119 exereitus,
658 3055 694 3106 ut
721 3046 761 3106 ad
783 3045 935 3124 proelium
962 3044 1102 3105 intentus

150 3152 350 3222 ornatusque,
378 3142 484 3201 densis
516 3141 597 3201 circa
624 3142 707 3201 viam
735 3142 896 3202 ordinibus
930 3141 1100 3202 asstiterat.
1138 3153 1154 3200 u

149 3238 284 3318 Accepti
303 3237 337 3298 in
357 3238 494 3298 medium
509 3237 684 3311 Vitelliani,
699 3247 732 3298 et
751 3238 960 3300 circumdatos
975 3238 1102 3299 Primus

150 3335 309 3395 Antonius
337 3334 505 3395 clementer
532 3333 719 3413 alloquitur:
753 3354 824 3414 pars
853 3334 1000 3408 Narniae,
1027 3352 1100 3413 pars

150 3431 348 3492 Interamnae
360 3429 527 3492 subsistere
548 3429 637 3511 jussi.
678 3428 819 3491 Relictae
833 3431 926 3492 simul
939 3450 957 3491 e
971 3429 1103 3491 victrici·-
