2580 3944
191 133 235 197 38
492 151 690 201 uacuum
708 151 925 200 ‘rami-m.

243 309 405 369 Accedere
431 322 565 370 matrem
587 309 734 369 muliebri
759 309 966 388 impotentia:
991 310 1203 373 serviendum

189 421 222 466 ω
242 406 376 465 feminae
403 406 587 487 duobueque
613 408 741 485 insuper
767 406 1028 480 adolescentibus,
1047 409 1107 487 qui
1131 429 1204 470 rem

242 504 399 583 publicam
414 505 539 562 iuterim
554 516 707 582 premant,
720 504 909 583 quandoque
922 504 1113 564 disnaltant.

292 600 322 658 5.
357 599 444 659 llaec
455 616 549 679 atque
559 600 636 659 talia
650 599 841 678 agitantibus
849 620 1033 678 gravescere
1043 602 1203 662 raletudo

242 696 397 775 Augusti3
410 710 441 756 et
449 697 578 776 quidam
588 697 688 755 scelus
695 697 800 754 uxoris
807 697 1039 775 suspectabant.
1066 696 1202 778 Quippe

242 813 349 852 mmor
363 793 541 865 incesserat,
555 812 671 872 paucos
688 806 763 851 aute
775 813 899 852 meuses
911 795 1103 872 Augustum,
1118 797 1203 855 elee-

241 890 283 948 tis
296 891 428 949 consciis
452 903 485 949 et
509 891 624 949 comite
645 909 709 948 uno
729 888 829 948 fabio
847 889 999 961 Maximo,
1013 889 1201 950 Planasiam

187 1001 204 1042 5
240 1002 366 1046 rectum
380 987 421 1046 ad
438 987 600 1045 visendum
615 987 807 1064 Agrippam
828 988 943 1045 multas
955 988 1020 1046 illic
1032 988 1199 1067 utrimque

241 1082 383 1141 lacrimas
396 1096 429 1142 et
445 1083 535 1161 signa
553 1083 694 1141 caritatis
714 1101 863 1161 spemque
882 1103 923 1141 ex
942 1102 982 1141 eo
1000 1082 1070 1141 fore
1089 1098 1129 1142 ut
1148 1087 1201 1164 ju-

241 1179 330 1238 renis
343 1180 510 1259 penatibus
523 1180 575 1238 ari
589 1179 795 1238 redderetur:
814 1179 900 1258 quod
912 1179 1088 1239 Maximum
1100 1183 1199 1240 uxori

241 1274 380 1336 Marciae
398 1277 565 1356 asperumve,
579 1277 664 1334 illam
678 1275 796 1334 liviae.
836 1275 978 1335 Gnarum
996 1276 1031 1334 itl
1043 1275 1176 1336 Caesari
1188 1298 1199 1351 ;

241 1393 343 1452 neque
358 1375 459 1433 multo
476 1388 548 1453 post
568 1374 710 1432 extincto
725 1372 876 1444 Mamuto,
888 1373 1021 1432 dubium
1039 1392 1080 1431 an
1101 1393 1200 1452 quae·-

188 1484 219 1528 ιο
239 1471 301 1529 sita
322 1486 433 1543 morte,
455 1471 580 1530 auditos
607 1471 640 1528 iu
663 1470 773 1528 funere
798 1471 867 1548 ejus
891 1469 1030 1528 Marciae
1052 1470 1199 1548 gemitur

241 1580 340 1625 semet
355 1567 537 1638 incusantis,
546 1567 631 1645 quod
645 1585 738 1625 causa
753 1566 843 1624 exitii
857 1566 971 1625 marito
983 1566 1106 1626 suimet.
1135 1566 1199 1629 l't-

241 1682 374 1742 cumque
393 1683 427 1722 se
447 1683 485 1722 ea
503 1683 554 1722 res
573 1663 694 1733 habuit,
709 1663 840 1723 vixdum
860 1662 1197 1742 ingreaeuslllrrieum

241 1759 385 1818 Tiberius
409 1761 550 1838 properis
570 1761 680 1819 matris
704 1760 804 1819 literis
827 1761 966 1833 accitur;
988 1780 1091 1839 neque
1114 1763 1198 1821 ntis

240 1870 434 1932 compertum
455 1868 513 1923 est,
527 1855 696 1932 spirantem
718 1855 822 1913 adbuc
835 1856 1017 1932 Augustum
1036 1855 1123 1933 apud
1145 1877 1198 1916 ur·

188 1967 219 2010 15
239 1951 310 2010 bem
324 1951 438 2008 Nolam
453 1969 492 2008 an
507 1951 681 2008 exanimem
697 1951 879 2028 reppererit.
906 1951 1043 2009 Acribus
1055 1970 1196 2031 namque

240 2047 392 2105 custodiis
406 2047 534 2105 domum
547 2061 579 2106 et
595 2047 662 2105 rias
675 2060 813 2125 sepserat
834 2046 934 2118 livia,
947 2047 1084 2126 laetique
1098 2048 1198 2108 inter-

240 2145 315 2202 dum
336 2143 438 2201 nuntii
457 2143 676 2222 vulgabantur‚
690 2144 791 2202 donec
811 2145 945 2222 provisis
965 2164 1045 2223 quae
1065 2158 1196 2223 tempus

239 2240 397 2311 monebat,
416 2240 508 2298 simul
529 2241 695 2299 excessisse
715 2242 897 2320 Augustum
916 2254 950 2301 et
969 2260 1074 2300 rerum
1092 2243 1196 2321 potiri

239 2337 400 2395 Neronem
415 2337 498 2395 lama
512 2337 622 2395 eadem
636 2338 719 2396 tulit.

281 2436 329 2491 ll.
350 2433 469 2491 l'ersae
480 2433 553 2492 inde
560 2433 600 2491 ad
608 2433 769 2493 Tiberium
776 2454 894 2513 preces.
922 2434 964 2494 Et
975 2434 1196 2495 illerrriedis»

239 2529 360 2587 serebat
374 2529 415 2587 de
428 2530 643 2608 magnitudine
662 2530 795 2610 imperii,
808 2551 864 2591 sua
878 2532 1043 2592 modestia.
1082 2531 1195 2592 Solam

239 2626 306 2684 diri
330 2626 467 2704 Augusti
494 2640 632 2685 mentem
659 2640 768 2687 tantae
792 2628 883 2688 molis
905 2647 1068 2706 capacem:
1094 2647 1129 2686 re
1154 2628 1193 2688 in

239 2736 361 2799 partem
375 2741 519 2780 curarum
538 2722 579 2780 ab
599 2723 654 2782 illo
671 2737 817 2783 vocatum
837 2724 1029 2802 experiendo
1041 2723 1194 2784 didicme

237 2839 332 2897 quam
365 2819 508 2889 ardumn,
542 2839 637 2897 quam
669 2821 846 2900 subjeetum
879 2822 1026 2880 fortunae
1058 2821 1194 2899 regendi

239 2930 351 2974 cuncta
365 2935 454 2974 onus.
494 2915 633 2976 Proinde
654 2916 685 2975 iu
707 2917 836 2976 civitate
857 2930 908 2979 tot
925 2917 1100 2977 illustribus
1112 2916 1194 2978 viris

238 3013 369 3072 subnixa
383 3033 445 3071 uon
460 3013 501 3071 ad
516 3034 612 3072 unum
625 3014 730 3072 omnia
744 3014 901 3074 deferrent
913 3034 922 3072 :
942 3015 1047 3093 plures
1065 3013 1194 3074 facilius

238 3110 344 3168 munia
357 3110 545 3188 reipublicae
558 3109 683 3169 sociatis
697 3110 853 3169 laboribus
866 3123 1078 3170 exsecuturos.
1110 3109 1193 3170 Plus

237 3206 271 3264 in
284 3206 427 3265 oratione
441 3207 497 3265 tali
511 3206 675 3284 d'ugnitatis
689 3227 782 3285 quam
797 3207 873 3266 fidei
892 3222 978 3266 erat:
998 3206 1192 3286 'liberioque

186 3317 217 3360 ιο
236 3304 332 3363 etiam
359 3303 392 3361 in
419 3303 512 3361 rebus
535 3323 611 3382 quas
635 3323 698 3361 non
719 3305 888 3376 occuleret,
907 3325 961 3364 seu
986 3318 1099 3363 natura
1120 3305 1192 3364 sire

238 3400 448 3471 assuetudine,
465 3419 615 3478 suspensa
632 3419 755 3478 semper
775 3414 809 3461 et
828 3402 960 3461 obscura
980 3402 1092 3462 verba:
1111 3414 1192 3462 tune
