2580 3944
199 138 262 203 1⁴26
508 152 704 201 axonam
725 110 939 201 reamissa.

252 313 306 373 ubi
327 310 458 384 enotuit,
472 330 491 370 a
504 310 686 391 propinquis
700 309 901 389 affinibusque
920 307 1045 368 occulte
1065 309 1225 391 redemp-

254 409 409 467 tabautur.
458 406 534 465 Mox
559 406 654 465 rediit
679 407 865 467 Cremonam
892 405 1028 483 reliquus
1052 408 1222 484 populus:

199 520 230 564 1⁵
251 506 385 584 reposita
406 505 471 563 fora
491 505 667 582 templaque
688 502 919 581 magnificentia
939 501 1160 580 municipum;
1184 516 1222 565 et

252 601 462 679 Vespasianus
476 600 670 659 hortabatur.

293 699 341 756 35.
378 698 525 757 Ceterum
551 697 684 755 assidere
712 695 851 774 sepultae
875 695 961 754 urbis
983 693 1083 754 ruinis
1110 700 1219 759 noxia

252 795 327 855 tabo
341 795 453 852 humus
474 793 556 851 haud
579 792 633 850 diu
653 792 804 871 permisit.
843 791 899 851 Ad
918 791 1046 852 tertium
1065 791 1217 870 lapidem

253 889 406 970 progressi
427 909 523 967 vagos
544 900 755 967 paventesque
770 888 966 960 Vitellianos,
980 907 1037 947 sua
1049 908 1215 969 quemque

253 986 336 1064 apud
350 986 448 1063 signa,
463 996 669 1064 componunt3
683 997 716 1044 et
730 985 831 1044 victae
845 984 982 1063 legiones
995 1005 1045 1058 ne,
1055 998 1215 1046 manente

198 1098 214 1142 5
252 1083 354 1142 adhuc
368 1081 453 1140 civili
467 1082 558 1153 bello,
572 1082 717 1160 ambigue
732 1090 871 1158 agerent,
885 1101 941 1160 per
961 1079 1125 1158 Illyricum
1146 1083 1215 1142 dis-

253 1198 368 1258 persae.
419 1177 457 1236 In
486 1177 680 1236 Britanniam
714 1177 788 1236 inde
815 1188 849 1236 et
875 1177 1043 1256 Hispanias
1076 1178 1213 1240 nuntios

253 1276 438 1354 famamque,
458 1274 490 1332 in
512 1273 646 1333 Galliam
666 1274 785 1334 Julium
807 1274 959 1334 Calenum
979 1273 1153 1345 tribunum,
1176 1275 1213 1335 in

253 1372 451 1432 Germaniam
466 1370 629 1449 Alpinium
645 1370 830 1430 Montanum
848 1369 1038 1448 praesectum
1057 1369 1213 1444 cohortis,

253 1469 337 1548 quod
360 1468 410 1528 bic
431 1468 552 1538 Treuir,
573 1468 707 1528 Calenus
727 1465 867 1538 Aeduus,
888 1475 1018 1544 uterque
1039 1464 1213 1528 Vitelliani

200 1581 231 1626 10
253 1568 383 1636 lucrant,
399 1564 535 1624 ostentui
551 1564 671 1623 misere.
701 1562 800 1624 Simul
815 1561 963 1621 transitus
976 1560 1105 1639 Alpium
1120 1581 1213 1640 prae·

252 1663 339 1722 sidiis
349 1661 501 1741 occupati,
513 1674 656 1739 suspecta
667 1658 842 1734 Germania,
851 1668 1001 1738 tanquam
1010 1657 1043 1717 in
1054 1657 1213 1720 auxilium

254 1760 374 1820 Vitellii
390 1759 613 1838 accingeretur.

294 1861 342 1919 36.
377 1860 424 1920 At
452 1859 599 1920 Vitellius
633 1857 773 1938 prolecto
801 1855 944 1929 Caecina,
972 1873 1041 1915 cum
1069 1853 1212 1919 Fabium

253 1956 422 2016 Valentem
443 1957 548 2036 paucis
576 1966 648 2036 post
673 1957 782 2016 diebus
809 1954 850 2014 ad
877 1953 995 2014 bellum
1020 1952 1212 2032 impulisset,

254 2054 336 2114 curis
351 2055 458 2114 luxum
472 2054 680 2113 obtendebat:
694 2074 756 2113 uon
767 2070 877 2131 parare
887 2069 983 2124 arma,
993 2070 1057 2109 non
1068 2050 1213 2131 alloquio

254 2151 463 2230 exercitioque
485 2151 617 2211 militem
638 2152 768 2221 firmare,
783 2169 847 2209 non
866 2148 900 2208 in
920 2167 975 2208 ore
994 2147 1081 2227 vulgi
1101 2167 1212 2226 agere,

200 2263 217 2307 5
256 2249 310 2308 sed
326 2248 511 2308 umbraculis
531 2249 692 2307 hortorum
713 2247 847 2317 abditus,
861 2256 896 2305 nt
916 2245 1031 2324 ignara
1050 2243 1213 2321 animalia,

254 2346 364 2424 quibus
379 2345 405 2403 si
418 2345 521 2404 cibum
535 2364 691 2424 suggeras,
698 2345 805 2423 jacent
815 2353 1013 2421 torpentque,
1023 2342 1211 2420 praeterita,

253 2440 411 2514 instantia,
445 2440 561 2512 lutura,
596 2441 663 2519 pari
697 2439 854 2499 oblivione
887 2437 1056 2496 dimiserat.
1095 2435 1211 2518 Atque

254 2537 353 2611 illum,
367 2538 399 2597 in
421 2557 545 2596 nemore
560 2538 691 2597 Aricino
711 2536 851 2595 desidem
871 2545 905 2594 et
925 2543 1124 2604 marcentem,
1138 2553 1212 2612 pro-

254 2634 333 2693 ditio
348 2633 459 2693 Lucilii
482 2632 569 2691 Bsssi
591 2653 627 2692 ac
648 2632 782 2692 defectio
803 2632 908 2690 classis
927 2628 1118 2689 Ravennatis
1137 2649 1213 2708 per.

201 2742 231 2788 10
252 2730 346 2801 culit;
360 2749 417 2789 nec
432 2729 529 2787 multo
544 2739 615 2805 post
626 2729 665 2787 de
676 2728 811 2788 Caecina
821 2727 951 2786 affertur
961 2725 1077 2784 mixtus
1086 2727 1212 2803 gaudio

254 2824 353 2896 dolor,
367 2835 400 2884 et
414 2824 580 2883 descivisse
594 2833 628 2883 et
642 2825 681 2883 ab
695 2825 834 2883 exercitu
849 2823 1009 2882 tinctum:
1028 2821 1098 2900 plns
1119 2827 1212 2900 apud

254 2920 415 2979 socordem
434 2919 571 2978 animum
598 2920 719 2978 laetitia
738 2940 831 2998 quam
856 2938 930 2978 cura
949 2918 1059 2977 valuit.
1099 2916 1214 2982 Multa

254 3035 324 3074 cum
337 3016 543 3074 exsultatione
555 3016 585 3074 in
597 3016 704 3074 urbem
716 3027 868 3086 revectus,
878 3013 1036 3093 frequenti
1047 3014 1213 3093 concione,

255 3109 404 3188 pietatem
425 3111 559 3169 militum
580 3112 722 3170 laudibus
742 3110 899 3182 cumulat;
927 3109 1096 3169 Publilium
1118 3109 1213 3174 Sabi-

202 3222 232 3267 15
253 3225 328 3264 num
344 3207 488 3284 praetorii
510 3208 701 3285 praefectum
723 3206 765 3265 ob
786 3206 956 3264 amicitiam
973 3205 1125 3267 Caecinae
1138 3209 1214 3270 rin.

255 3300 421 3380 cirijubet,
436 3303 605 3363 substituto
621 3303 651 3361 in
666 3303 768 3362 locum
783 3303 849 3379 ejus
863 3302 977 3360 All'eno
991 3301 1086 3361 Varo

295 3395 343 3456 54.
378 3399 425 3459 At
454 3398 610 3472 Vitellius,
636 3398 744 3459 fractis
778 3398 862 3478 apud
890 3399 1076 3459 Cremonam
1101 3400 1216 3480 rebus,-
