2580 3944
356 173 615 224 msronraamr
635 175 746 224 arana
768 175 948 252 ruamus..
1079 155 1148 220 123

185 331 240 391 28.
269 329 420 391 Hormine
447 332 480 392 id
507 327 679 413 ingenium,
699 342 736 393 ut
755 332 902 393 Messalla
926 325 1093 404 traditan

143 424 248 502 potior
261 435 369 485 auctor
383 426 423 485 sit
434 427 468 488 Ο.
480 426 608 501 Plinius,
621 428 672 507 qui
683 428 856 487 Antonium
870 427 999 498 incusat,
1009 426 1094 485 haud

144 519 235 579 facile
260 521 468 596 discreverim,
490 523 549 582 nisi
578 525 660 602 quod
688 544 788 603 neque
810 523 967 582 Antonius
991 541 1092 601 neque

144 616 282 677 Hormus
303 637 321 677 a
340 619 424 678 fama
437 621 562 699 ,vitaque
584 641 639 681 sua
660 620 800 700 quamvis
821 621 952 700 pessimo
973 619 1092 699 flagitio

144 714 382 792 degeneravere.
423 715 497 775 Non
517 718 583 797 jam
601 717 727 796 sanguis
741 737 841 797 neque
856 717 983 776 vulnera
997 735 1094 775 mora
1125 729 1145 775 ¹t

143 809 257 870 bantur
281 810 354 891 quin
379 812 563 873 subruerent
586 815 703 874 vallum
730 824 954 894 quaterentque
976 821 1091 892 portas,

142 905 242 973 innixi
252 908 388 968 humeris
403 918 435 969 et
448 928 541 989 super
553 909 698 970 iteratam
707 910 897 970 testudinem
908 909 1091 968 scandentes

142 1015 323 1080 prensarent
336 1005 472 1064 hostium
493 1006 558 1065 tela
577 1006 781 1087 brachiaque:
801 1005 915 1086 integri
936 1025 1006 1065 cum
1026 1024 1093 1064 sau-

143 1099 207 1172 ciis,
219 1101 386 1162 semineces
400 1122 471 1161 cum
483 1102 709 1181 exspirantibus
717 1105 897 1177 volvuntur,
907 1103 994 1162 varia
1007 1097 1093 1182 pere'-

143 1196 266 1256 nntium
279 1197 380 1258 forma
394 1207 426 1257 et
440 1198 524 1258 omni
538 1198 672 1278 imagine
687 1200 844 1259 mortium.
912 1235 915 1239 ,
1111 1221 1144 1269 10

184 1295 231 1353 29.
258 1294 454 1353 Acerrimum
468 1295 579 1354 tertiae
592 1296 804 1374 septimaeque
824 1295 981 1374 legionum
996 1303 1093 1354 certa-

141 1408 232 1463 men3
246 1400 278 1450 et
292 1391 356 1450 dux
370 1390 528 1450 Antonius
542 1410 612 1450 cum
626 1391 754 1450 delectis
769 1391 967 1451 auxiliaribus
980 1391 1092 1450 eodem

141 1485 331 1548 incubuerat.
375 1487 557 1547 Obstinatos
577 1486 660 1547 inter
680 1507 712 1548 se
734 1508 805 1547 cum
825 1487 977 1548 sustinere
992 1487 1091 1548 Vitel-

141 1584 217 1644 liani
238 1583 401 1665 nequirent
415 1594 448 1645 et
461 1585 635 1665 superjacta
648 1586 711 1646 tela
724 1585 882 1646 testudine
903 1585 1090 1658 laberentur,

141 1681 240 1762 ipsam
254 1693 410 1761 postremo
423 1681 579 1742 ballistam
592 1683 624 1742 in
639 1683 806 1744 subuentes
826 1683 998 1762 propulere,
1013 1700 1092 1761 quae
1128 1695 1145 1743 t

141 1788 178 1838 ut
199 1778 239 1838 ad
261 1797 407 1858 praesens
431 1779 555 1859 disjecit
581 1781 746 1859 obruitque
768 1799 844 1858 quos
864 1779 1024 1851 inciderat,
1046 1779 1092 1840 ita

141 1874 251 1955 pinnas
273 1895 308 1934 ac
328 1895 448 1936 summa
462 1877 535 1935 valli
556 1877 644 1936 ruina
664 1896 720 1936 sua
739 1876 854 1950 traxit3
874 1875 965 1936 simul
980 1876 1092 1955 juncta

141 1971 234 2031 turris
248 1971 360 2032 ictibus
374 1991 518 2032 saxorum
532 1972 633 2046 cessit,
645 1992 706 2051 qua
720 1972 883 2052 septimani
898 1972 973 2031 dum
987 1973 1090 2031 nitun-

140 2077 193 2128 tur
213 2067 326 2141 cuneis,
340 2067 493 2128 tertianus
513 2069 672 2127 securibus
692 2068 863 2147 gladiisque
884 2078 1006 2149 portam
1026 2087 1092 2147 per-

141 2164 247 2244 fregit.
289 2163 430 2223 Primnm
446 2163 589 2244 irrupisse
604 2166 640 2225 0.
655 2164 822 2224 Volusium
835 2165 947 2226 tertiae
961 2165 1093 2244 legionis
1113 2178 1144 2226 10

141 2261 273 2322 militem
297 2260 381 2321 inter
401 2280 508 2320 omnes
531 2271 674 2320 auctores
700 2271 842 2320 constat:
869 2260 895 2321 is
919 2262 951 2320 in
973 2262 1091 2321 vallum

141 2377 290 2439 egressus,
302 2356 475 2419 deturbatis
487 2356 539 2436 qui
553 2357 741 2431 restiterant,
753 2358 934 2437 conspicuus
948 2377 1041 2417 manu
1056 2377 1092 2418 ac

141 2475 218 2516 voce
246 2466 337 2535 capta
365 2465 466 2514 castra
493 2453 721 2528 conclamavit3
749 2454 844 2513 ceteri
871 2454 1000 2531 trepidis
1023 2455 1091 2534 jam

141 2550 321 2613 Vitellianis
349 2570 442 2632 seque
464 2570 481 2611 e
501 2551 584 2611 vallo
612 2550 887 2631 praecipitantibus
914 2571 1090 2631 perrupere.

142 2642 324 2730 'Completur
337 2649 432 2710 caede
447 2658 599 2729 quantum
612 2647 694 2708 inter
708 2657 809 2708 castra
822 2668 987 2728 murosque
1000 2649 1092 2709 vacui
1113 2663 1144 2709 ro

140 2744 210 2806 fuit.

182 2843 229 2902 30.
258 2843 308 2903 Ac
335 2863 440 2903 rursus
466 2863 549 2904 nova
576 2842 717 2903 laborum
745 2842 855 2904 facies:
884 2843 980 2902 ardua
1006 2842 1091 2902 urbis

142 2939 273 3014 moenia,
289 2958 399 3001 saxeae
413 2951 523 3013 turres,
538 2940 643 3000 ferrati
662 2949 824 3019 portarum
838 2939 950 3013 obices,
963 2939 1090 2999 vibrans

141 3035 205 3094 tela
225 3036 323 3110 miles,
337 3037 480 3115 frequens
501 3036 730 3115 obstrictusque
752 3036 931 3096 Vitellianis
951 3036 1091 3116 partibus

143 3130 360 3192 Cremonensis
374 3133 513 3211 populus,
527 3152 641 3212 magna
655 3152 726 3212 pars
740 3132 850 3192 Italiae
871 3142 953 3193 stato
974 3132 1005 3191 in
1028 3151 1093 3190 eos-

141 3226 212 3286 dem
228 3227 294 3288 dies
309 3239 447 3288 mercatu
460 3241 657 3309 congregata,
672 3229 753 3309 quod
774 3229 987 3289 defensoribus
1008 3227 1092 3287 auxi·
1129 3240 1145 3286 t

141 3320 218 3381 lium
232 3324 272 3383 ob
286 3324 527 3398 multitudinem,
539 3326 789 3405 oppugnantibus
803 3325 1040 3386 incitamentum
1051 3325 1092 3384 ob

141 3419 289 3498 praedam
304 3430 379 3481 erat.
420 3421 502 3502 Rapi
523 3419 612 3501 ignes
626 3422 783 3483 Antonius
803 3420 971 3500 inferrique
993 3439 1093 3480 amoe-
