2580 3944
164 150 229 217 108
456 165 652 216 nxonnrra
672 165 904 217 asennaa.

217 325 438 400 adulationem,
452 325 549 385 ceteri
571 345 608 386 ac
630 325 780 405 paulatim
801 345 916 399 omnes,
928 345 969 386 ne
990 325 1059 388 aliis
1078 326 1171 405 profi·

216 423 404 482 ciscentibus
428 422 488 501 ipsi
510 431 717 483 remanerent.
757 422 1023 502 Aggregabantur
1042 443 1060 483 e
1076 423 1170 503 plebe

217 519 372 597 flagitiosa
398 539 455 597 per
481 519 628 597 obsequia
648 518 780 578 Vitellio
802 519 930 598 cogniti,
950 539 1086 593 scurrae,
1109 519 1170 579 his-

216 616 342 689 triones,
353 617 487 696 aurigae,
497 617 609 695 quibus
622 615 675 674 ille
690 615 896 675 amicitiarum
910 617 1169 676 dehonestamen-

163 729 194 774 15
216 713 257 774 tis
278 714 355 772 mire
374 713 540 792 gaudebat.
581 712 651 772 Neo
665 712 804 772 coloniae
818 713 913 773 modo
927 722 982 773 aut
995 713 1169 792 municipia

217 823 366 890 congestu
386 811 554 889 copiarum,
568 810 623 869 sed
644 808 704 889 ipsi
725 810 860 869 cultores
881 829 1024 891 aruaque,
1036 809 1169 870 maturis

216 909 281 988 jam
296 907 448 985 frugibus,
463 916 498 965 ut
513 905 624 966 hostile
639 905 740 966 solum
753 906 981 967 vastabantur..

259 1005 306 1063 89.
337 1002 408 1081 lpse
436 1002 585 1062 Vitellius
613 1022 632 1062 a
658 1011 756 1082 ponte
783 1001 905 1062 Mulvio
932 1002 1047 1082 insigni
1074 1021 1167 1082 equo,

111 1097 112 1101 ’
216 1100 383 1179 paludatus
404 1099 630 1178 accinctusque,
650 1108 794 1158 senatum
814 1108 847 1159 et
867 1099 1018 1178 populum
1039 1111 1111 1163 ante
1132 1119 1167 1159 se

216 1215 321 1275 agens,
337 1215 398 1274 quo
418 1194 520 1254 minus
534 1207 570 1254 ut
585 1204 710 1274 captam
724 1195 832 1255 urbem
852 1195 1078 1274 ingrederetur,
1093 1196 1168 1255 ami·

216 1312 323 1352 cor-um
338 1291 466 1351 consilio
480 1291 658 1363 deterritus,
672 1302 797 1370 sumpta
810 1301 975 1370 praetexta
984 1301 1023 1352 et
1043 1312 1167 1371 compo·

162 1406 177 1450 a
213 1391 274 1450 sito
289 1390 411 1467 agmine
432 1388 568 1449 incessit.
609 1388 767 1461 Quattuor
787 1389 944 1468 legionum
965 1391 1085 1469 aquilae
1106 1409 1164 1468 per

215 1487 362 1560 frontem,
385 1486 577 1565 totidemque
598 1485 681 1545 circa
707 1504 725 1546 e
752 1485 925 1565 legionibus
950 1486 1018 1546 aliis
1041 1486 1165 1561 vexilla,

215 1605 288 1643 mox
303 1583 468 1643 duodecim
483 1583 602 1641 alarum
622 1582 712 1662 signa
732 1591 765 1642 et
785 1593 857 1661 post
876 1582 1020 1661 pediturn
1040 1583 1165 1643 ordines

216 1699 328 1759 eques3
349 1680 421 1739 dein
444 1688 591 1758 quattuor
610 1689 643 1738 et
664 1678 794 1758 triginta
814 1679 968 1753 cohortes,
983 1690 1018 1739 nt
1037 1678 1166 1740 nomina

215 1776 355 1855 gentium
370 1788 424 1836 aut
438 1775 557 1853 species
571 1794 728 1835 annorum
741 1775 857 1849 forent,
872 1775 1035 1837 discretae.
1077 1776 1164 1836 Ante

162 1887 192 1933 10
214 1871 331 1950 aquilas
346 1871 496 1951 praefecti
510 1883 681 1932 castrorum
696 1872 875 1952 tribunique
886 1883 919 1932 et
929 1872 1022 1952 primi
1033 1873 1166 1933 centuri-

172 2031 176 2038 ,
214 1989 308 2029 orrum
331 1969 464 2028 candida
483 1981 581 2043 veste,
603 1968 699 2029 ceteri
720 1971 813 2049 juxta
835 1989 922 2030 suam
944 1969 1073 2050 quisque
1097 1989 1166 2030 oen-

215 2065 339 2139 turiam,
354 2065 447 2125 armis
462 2066 612 2146 donisque
627 2066 803 2145 fulgentes3
824 2077 857 2127 et
871 2066 1004 2126 militurn
1019 2067 1165 2146 phalerae

215 2175 401 2243 torquesque
416 2165 639 2242 splendebant:
660 2164 775 2223 decora
788 2163 883 2224 facies
903 2174 936 2225 et
956 2184 1016 2224 non
1033 2163 1164 2225 Vitellio

215 2261 355 2340 principe
377 2261 490 2340 dignus
514 2262 677 2321 exercitus.
721 2261 772 2321 Sic
795 2261 983 2341 Capitolium
1010 2261 1165 2341 ingressus
1203 2270 1207 2274 “

162 2373 192 2418 15
214 2371 307 2437 atque
328 2358 371 2417 ibi
392 2369 525 2418 matrem
546 2357 726 2437 complexus
740 2359 903 2438 Augustae
923 2357 1049 2418 nomine
1069 2359 1165 2419 horro-

215 2460 308 2519 ravit.

256 2557 304 2616 90.
339 2555 471 2616 Postera
499 2554 559 2627 die,
584 2563 732 2634 tanquam
761 2553 845 2634 apud
872 2553 1000 2614 alterius
1027 2552 1165 2614 civitatis

213 2663 356 2712 senatum
378 2654 596 2731 populumque,
611 2651 808 2730 magnificam
823 2651 997 2711 orationem
1012 2651 1051 2711 de
1063 2662 1165 2712 semet

214 2748 282 2827 ipso
296 2751 457 2827 prompsit,
473 2748 656 2807 industriam
672 2748 973 2827 temperantiamque
994 2767 1081 2808 suam
1102 2747 1165 2806 lau·

215 2846 305 2904 dibus
327 2846 482 2917 attollens,
503 2845 633 2904 consciis
653 2844 843 2924 flagitiorum
864 2845 939 2924 ipsis
959 2844 1013 2924 qui
1033 2845 1164 2904 aderant

161 2956 176 3001 o
216 2942 362 3020 omnique
384 2941 485 3013 Italia,
500 2961 556 3018 per
571 2961 662 3020 quam
677 2961 784 3000 somno
800 2951 832 3000 et
845 2941 920 3000 luxu
935 2941 1100 3020 pudendus
1119 2939 1165 2998 irr-

215 3049 359 3099 cesserat.
400 3038 523 3118 Vulgus
551 3047 665 3110 tamen,
686 3057 818 3097 vacuum
839 3036 920 3097 curis
947 3048 979 3097 et
1006 3037 1072 3096 sine
1092 3035 1164 3096 falsi

214 3135 343 3214 verique
371 3134 548 3194 discrimine
573 3133 679 3194 solitas
707 3133 901 3193 adulationes
924 3133 1080 3206 edoctum,
1105 3133 1165 3192 cla-

214 3251 299 3290 more
320 3242 353 3291 et
373 3231 501 3292 vocibus
521 3231 717 3308 astrepebat3
738 3229 945 3308 abnuentique
966 3249 1079 3289 nornen
1100 3229 1165 3287 Au·

215 3328 299 3406 gusti
314 3346 493 3406 expressere
509 3337 546 3386 ut
561 3337 739 3401 assumeret,
753 3336 818 3386 tarn
839 3327 952 3385 frustra
966 3345 1058 3405 quam
1079 3345 1164 3384 reeu-

162 3438 192 3482 10
213 3433 344 3484 saverat.
