2580 3944
324 487 584 554 EXCERPTA
614 488 963 556 HISTORIARUM.

436 703 603 765 LIBER
636 704 858 767 PRIMUS.

235 922 264 978 ‘L
298 919 385 999 Opus
406 920 572 1000 aggredior
592 920 729 998 opimum
750 921 882 993 casibus,
898 930 989 980 atrox
1008 919 1146 1000 proeliis,

194 1017 312 1076 discors
326 1017 540 1087 seditIonibus,
549 1017 615 1095 ipsa
630 1018 723 1075 etiarn
735 1037 811 1095 pace
821 1037 958 1076 suerum.
986 1016 1147 1088 Quattuor

194 1114 348 1192 principes
371 1113 454 1172 ferro
482 1114 678 1192 interempti:
705 1113 790 1172 trina
812 1115 895 1173 bella
919 1114 1034 1186 civilia
1057 1114 1147 1191 plura

195 1222 323 1269 externa
337 1231 373 1269 ac
387 1212 568 1289 plerumque
583 1210 754 1288 permixta:
776 1231 942 1290 prosperae
961 1212 994 1269 in
1015 1211 1147 1282 oriente,

140 1323 157 1366 a
193 1309 340 1366 adversae
355 1308 386 1365 in
402 1308 562 1366 occidente
576 1327 644 1365 res:
666 1309 825 1366 turbatum
840 1307 1011 1386 Illyricum,
1023 1306 1145 1366 Galliae

194 1417 349 1476 nutantes
363 1404 538 1483 perdomita
554 1403 718 1462 Britannia
732 1415 765 1462 et
780 1404 888 1463 statim
907 1404 1042 1463 omissa:
1062 1423 1147 1462 οοοῐ-

193 1514 245 1559 tae
266 1503 296 1559 in
318 1522 375 1560 nos
391 1501 601 1560 Sarmatarum
622 1520 658 1558 ac
674 1500 849 1559 Suerornm
868 1513 989 1579 gentes,
1004 1500 1147 1559 nobilita·

195 1612 245 1655 tus
254 1598 392 1655 cladibus
403 1598 518 1655 mutuis
527 1597 640 1668 Dacus,
650 1608 736 1655 mota
743 1617 841 1675 prope
849 1597 946 1655 etiam
954 1594 1147 1655 Parthorum

194 1713 278 1752 anna
306 1694 374 1751 t'alsi
400 1694 535 1752 Neronis
562 1692 705 1751 ludibrio.
746 1692 820 1752 Jam
840 1712 916 1752 reru
940 1691 1032 1752 ltalia
1054 1692 1147 1751 noris

140 1807 171 1849 to
191 1790 330 1848 cladibus
350 1791 401 1848 rel
423 1801 492 1868 post
513 1790 638 1868 longam
659 1789 852 1848 saeculorum
872 1789 984 1848 seriem
1004 1789 1147 1867 repetitis

195 1888 317 1946 afflicta.
360 1887 499 1945 Haustae
526 1901 579 1944 aut
609 1888 737 1945 obrutae
759 1886 885 1966 [urbes]
903 1885 1145 1945 fecundissimae

195 1985 382 2063 Campaniae
411 2004 493 2045 orae.
516 1985 589 2042 urbs
617 1983 768 2042 incendiis
796 1995 929 2055 vastata,
953 1983 1148 2062 oonsumptis

194 2081 412 2160 antiquissimis
434 2080 579 2152 delubris,
601 2081 669 2159 ipso
690 2080 845 2159 Capitolio
866 2082 981 2140 citium
1003 2081 1147 2140 mnibus

193 2179 334 2236 incenso:
346 2179 481 2256 pollutae
491 2178 704 2250 caerimoniae,
712 2198 825 2256 magna
834 2178 1005 2238 adulteria:
1018 2178 1148 2256 plenum

140 2291 171 2333 ta
192 2275 292 2333 exiliis
308 2295 400 2346 mare,
415 2274 521 2333 insecti
535 2275 683 2334 caedibus
697 2277 824 2354 scopuli
858 2278 1008 2337 Atrociua
1019 2276 1053 2335 in
1068 2278 1147 2338 urbe

192 2372 365 2430 saevitum:
385 2372 541 2443 nobilitas,
556 2392 639 2450 opes,
654 2373 757 2431 omissi
771 2374 914 2453 gestique
933 2375 1067 2433 honores
1086 2395 1147 2453 pro

193 2469 329 2540 crimine,
357 2480 389 2527 et
418 2469 458 2527 ob
485 2469 619 2528 virtutes
645 2471 849 2530 certissimum
882 2471 1024 2531 exitium.
1073 2471 1147 2532 Nee

192 2567 294 2624 minus
308 2565 443 2644 praemia
458 2566 632 2624 delatorum
646 2566 747 2626 inrisa
761 2588 854 2647 quarn
867 2570 993 2640 scelera,
1005 2589 1077 2628 cum
1091 2570 1148 2630 atii

192 2662 364 2721 sacerdotia
378 2673 410 2720 ct
424 2662 601 2721 consulatus
615 2674 649 2722 ut
665 2665 763 2742 spolia
781 2665 897 2743 adepti,
909 2666 1149 2744 procurationes

138 2773 169 2817 ao
190 2759 242 2817 alii
257 2770 288 2816 et
302 2758 480 2817 interiorem
498 2761 681 2837 potentiam,
696 2771 823 2839 agerent
846 2772 1004 2820 verterent
1026 2773 1148 2822 cuneta

192 2855 265 2913 odio
279 2866 311 2913 et
326 2868 452 2914 terrore.
486 2855 633 2936 Corrupti
647 2858 679 2916 in
693 2857 836 2916 dominos
849 2857 940 2927 servi,
949 2860 982 2916 in
996 2868 1149 2936 patronos

192 2952 314 3023 liberti3
334 2964 365 3010 et
382 2952 493 3032 qnibns
508 2952 617 3011 deerat
631 2954 782 3025 inimicus,
796 2973 853 3031 per
865 2954 981 3014 amicos
993 2955 1148 3032 opprmi.

233 3050 261 3107 3.
295 3048 368 3107 Non
394 3063 499 3109 tamen
523 3050 603 3110 adeo
623 3050 775 3110 rirtutnm
795 3051 900 3109 sterile
920 3051 1089 3124 saeculum,
1107 3064 1149 3112 ut

191 3167 253 3205 non
268 3158 300 3205 et
314 3147 397 3205 bona
416 3148 557 3225 exempla
578 3147 759 3225 prodiderit.
801 3147 977 3206 Comitatae
996 3149 1150 3228 profugos

191 3245 304 3304 liberos
318 3256 441 3315 matres,
456 3255 580 3301 secutae
594 3244 723 3303 maritos
736 3245 766 3302 in
783 3244 876 3302 exilia
889 3245 1056 3322 conjuges3
1075 3265 1151 3324 pro

191 3339 300 3420 pinqni
328 3338 488 3409 audentes,
510 3349 688 3397 constantes
715 3338 831 3417 generi,
852 3350 1021 3398 contumax
1047 3339 1149 3401 etiam
