2580 3944
144 155 220 198 vero
236 135 360 211 nitenti,
374 146 409 196 ut
427 155 534 197 sensus
554 155 626 206 suos
646 135 771 215 penitus
792 135 930 209 abderet,
945 134 978 196 in
999 134 1095 195 incer·

144 245 212 294 turn
233 244 266 294 et
286 234 467 314 ambiguum
487 234 586 313 magis
612 232 863 312 implicabant-ur.
912 233 960 293 At
980 242 1093 312 patres,

145 330 256 409 quibus
270 351 349 391 unus
362 340 465 391 metus
478 331 505 391 si
518 330 693 408 intelligere
709 329 901 401 riderentur,
915 328 947 388 in
968 339 1095 408 questus

144 427 286 488 lacrimas
301 437 376 488 vota
390 427 526 502 effundi;
541 427 581 486 ad
596 427 680 500 deos,
693 426 731 485 ad
747 425 879 505 effigiem
893 425 1040 504 Augusti,
1055 425 1095 485 ad
1117 441 1147 486 15

143 543 245 602 genua
258 524 355 603 ipsius
366 544 474 584 manus
488 523 629 596 tendere,
640 543 711 582 cum
722 522 854 600 proferri
868 522 1007 582 libellum
1021 523 1096 582 reci·

144 619 265 699 tariquc
281 621 384 701 jussit.
426 621 510 700 Opes
524 619 665 699 publicae
681 619 929 692 continebantur,
944 629 1095 698 quantum

144 716 260 775 civium
274 717 490 797 sociorumque
509 717 542 776 in
562 716 665 788 armis
680 728 757 795 quot
771 716 892 788 classes,
906 734 1012 794 regna,
1027 735 1095 793 pro·

144 812 274 887 vinciae,
289 814 408 873 tributa
421 824 476 880 aut
489 812 666 892 vectigalia,
680 824 713 872 et
727 811 928 872 necessitates
949 831 985 871 ac
1005 812 1095 890 largi-

144 909 255 970 tiones.
291 909 379 982 Quae
394 920 507 970 cuncta
521 930 576 970 sua
589 930 683 969 manu
698 909 920 989 perscripserat
934 909 1096 989 Augustus
1116 922 1148 968 20

144 1006 372 1086 addideratque
394 1006 557 1067 eonsilium
578 1006 743 1066 coercendi
767 1006 850 1065 intra
870 1006 1021 1066 terminos
1040 1006 1096 1065 im·

144 1102 233 1181 perii,
247 1102 402 1162 incertum
416 1111 503 1184 metu
517 1122 555 1162 an
571 1122 626 1182 per
640 1102 801 1162 invidiam.

200 1199 248 1258 15.
285 1199 367 1268 Tum
380 1199 516 1278 primum
530 1219 547 1261 e
563 1218 672 1277 campo
688 1198 814 1259 comitia
828 1199 868 1258 ad
882 1209 986 1277 patres
1001 1209 1096 1260 trans-

145 1296 208 1355 lata
230 1304 321 1355 sunt:
343 1315 416 1354 nam
438 1296 479 1355 ad
503 1315 573 1355 eam
587 1295 681 1368 diem,
701 1295 760 1354 etsi
783 1295 945 1373 potissima
966 1296 1095 1356 arbitrio

145 1392 302 1471 principis,
314 1392 468 1472 quaedam
481 1403 587 1452 tamen
602 1391 714 1452 studiis
728 1391 866 1452 tribuum
876 1392 1002 1452 fiebant.
1033 1393 1096 1453 Ne-

145 1509 204 1568 que
222 1490 354 1568 populus
372 1490 554 1568 ademptum
574 1491 625 1569 jus
647 1498 773 1569 questus
794 1499 842 1549 cst
862 1489 922 1550 nisi
942 1489 1027 1550 inani
1048 1510 1096 1550 ru-

144 1605 241 1660 more,
259 1597 302 1646 et
329 1598 455 1646 senatus
482 1586 698 1666 largitionibus
727 1605 763 1647 ac
791 1586 935 1664 precibus
962 1587 1096 1648 sordidis
1133 1603 1147 1646 a

144 1683 301 1754 exsolutus
325 1683 425 1744 libens
448 1683 560 1757 tenuit,
584 1683 767 1742 moderante
783 1682 909 1743 Tiberio
929 1703 968 1743 ne
989 1684 1093 1762 plures

144 1799 236 1857 quam
256 1790 404 1859 quattuor
424 1779 608 1840 candidatos
628 1780 870 1854 commendaret,
885 1780 951 1840 sine
972 1781 1095 1860 repulsa

144 1884 176 1934 et
190 1876 309 1936 ambitu
324 1876 542 1956 designandos.
576 1873 665 1936 Inter
676 1895 755 1956 quae
769 1877 886 1939 tribuni
901 1876 1003 1956 plebei
1018 1878 1095 1956 peti-

143 1991 226 2044 vere,
242 1982 276 2032 ut
290 1973 417 2052 proprio
431 1982 557 2051 sumptu
572 1973 700 2034 ederent
719 1974 819 2047 ludos,
834 1975 886 2054 qui
908 1975 948 2034 de
968 1975 1094 2037 nomine

144 2069 281 2148 Augusti
301 2069 390 2129 fastis
408 2070 508 2130 additi
522 2070 713 2150 Augustales
729 2082 926 2131 vocarentur.
968 2072 1030 2132 Sed
1046 2072 1097 2132 de·
1117 2087 1148 2132 10

144 2176 230 2225 creta
242 2165 374 2245 pecunia
388 2185 427 2226 cx
442 2167 571 2241 aerario,
588 2179 683 2247 utque
701 2187 756 2247 per
776 2168 892 2229 circum
912 2167 1095 2248 triumphali

143 2274 230 2322 veste
255 2273 438 2323 uterentur:
464 2283 556 2324 curru
580 2265 653 2325 vehi
677 2264 760 2324 haud
783 2265 975 2344 permissum.
1017 2266 1094 2326 Mox

143 2358 310 2419 celebratio
321 2379 424 2421 annua
434 2360 475 2420 ad
486 2371 663 2440 praetorem
679 2361 839 2436 translata,
850 2361 899 2422 cui
913 2361 997 2422 inter
1011 2362 1094 2423 cives

142 2465 175 2515 et
187 2456 368 2536 peregrinos
381 2457 560 2537 jurisdictio
574 2458 739 2519 evenisset.
1086 2517 1088 2521 ,

197 2553 244 2612 16.
287 2552 349 2613 Hic
362 2572 467 2613 rerum
481 2553 668 2614 urbanarum
682 2565 782 2615 status
796 2565 873 2629 erat,
888 2576 958 2615 cum
973 2555 1095 2616 Panno·

142 2647 227 2708 nicas
248 2648 386 2728 legiones
404 2651 517 2711 seditio
536 2651 671 2725 incessit,
686 2653 779 2713 nullis
799 2654 889 2714 novis
911 2654 1019 2728 causis,
1034 2652 1095 2713 nisi

143 2744 227 2822 quod
240 2754 380 2806 mutatus
393 2747 538 2827 princeps
552 2748 710 2808 licentiam
725 2750 887 2809 turbarum
904 2758 936 2809 et
954 2770 992 2809 ex
1009 2749 1095 2809 civili

142 2839 224 2900 bello
245 2861 333 2920 spem
354 2844 563 2921 praemiorum
584 2845 780 2906 ostendebat.
822 2846 940 2907 Castris
967 2845 1094 2906 aestivis

142 2944 206 2996 tres
240 2938 332 2998 simul
365 2939 504 3018 legiones
538 2939 744 3015 habebantur,
771 2943 969 3022 praesidente
997 2943 1019 3003 J
1021 2941 1094 3001 unio

143 3031 265 3107 Blaeso,
283 3035 336 3114 qui
356 3035 418 3095 fine
439 3036 577 3115 Augusti
601 3046 634 3096 et
657 3037 756 3097 initiis
776 3038 893 3099 Tiberii
915 3038 1030 3100 auditis
1054 3037 1094 3098 ob
1178 3097 1180 3103 .

141 3129 299 3208 justitium
314 3141 368 3191 aut
383 3132 533 3209 gaudium
552 3131 762 3193 intermiserat
779 3135 871 3195 solita
889 3135 1004 3195 munia.
1046 3133 1094 3193 Eo

142 3225 295 3306 principio
316 3227 458 3290 lascivire
479 3228 578 3303 miles,
598 3229 785 3305 discordare,
799 3231 926 3310 pessimi
947 3230 1094 3310 cujusque
