2580 3944
360 115 754 166 nrsromaaursnrera
774 118 939 167 ruamus.
1079 103 1146 171 *117

144 273 264 354 equites
277 271 440 346 restitere.¹
463 273 485 335 J
486 273 554 335 uvit
567 275 662 348 locus,
676 275 791 335 artiore
805 275 869 336 illic
881 275 934 336 via
946 285 979 336 et
992 275 1093 337 fracto

144 369 350 430 interfluentis
364 370 424 430 rivi
438 380 544 450 ponte,
559 371 612 450 qui
626 371 745 432 incerto
760 372 849 431 alveo
870 383 902 432 et
922 372 1095 452 praecipiti-

143 467 201 526 bus
215 466 290 545 ripis
304 467 409 546 fugam
421 467 630 546 impediebat:
652 487 689 526 ea
709 468 875 528 nenessitas
890 487 944 528 seu
958 469 1094 543 fortuna,
1116 484 1147 530 10

143 564 244 642 lapsas
267 563 333 642 jam
356 574 460 641 partes
483 563 630 623 restituit.
673 564 802 623 Firmati
830 564 912 624 inter
935 584 967 624 se
989 565 1094 624 densis

144 659 304 719 ordinibus
326 659 486 738 excipiunt
508 660 695 720 Vitellianos
716 670 832 719 temere
854 660 978 734 effusos,
999 669 1093 740 atque

143 756 188 815 illi
203 766 450 816 consternantur.
484 756 642 816 Antonius
656 756 772 816 instare
786 756 943 836 perculsis,
957 767 1093 817 sternere

144 852 268 926 obvi0s3
302 853 393 912 simul
421 851 525 926 ceteri,
553 863 589 912 ut
616 852 739 932 cuique*
755 852 924 932 ingenium,
952 853 1093 932 spoliare,

143 968 262 1027 capere,
276 968 362 1009 arura
375 968 530 1029 equosque
545 949 706 1027 abripere:
721 961 754 1009 et
767 949 862 1009 exciti
876 969 1023 1029 prospero
1037 950 1095 1010 cla·
1116 965 1147 1010 15

143 1065 239 1118 more,
255 1045 307 1124 qui
320 1046 415 1107 modo
429 1066 485 1126 per
498 1065 589 1126 agros
602 1045 679 1126 iuga
692 1046 886 1126 palabantur,
896 1045 1045 1107 victoriae
1059 1065 1093 1106 se

143 1142 325 1202 miscebant.

186 1241 233 1300 18.
253 1240 306 1300 Ad
318 1249 464 1321 quartum
475 1259 493 1299 a
503 1239 655 1299 Cremona
664 1239 801 1318 lapidem
813 1240 926 1301 fulsere
937 1241 1094 1320 legionum

143 1337 232 1416 signa
246 1337 381 1416 Rapacis
395 1348 488 1416 atque
503 1336 640 1408 Italicae,
655 1336 738 1395 laeto
752 1336 835 1396 inter
847 1336 937 1397 initia
951 1337 1092 1417 equitum

143 1453 268 1493 suorum
281 1434 399 1512 proelio
414 1433 489 1493 illue
502 1452 599 1512 usque
614 1442 770 1510 proveeta
813 1432 874 1492 Sed
896 1433 950 1492 ubi
970 1434 1095 1493 fortuna

144 1539 253 1590 contra
272 1529 343 1605 fuit,
358 1550 421 1591 non
435 1530 538 1589 laxare
552 1528 685 1601 ordines,
700 1549 762 1589 non
783 1529 921 1607 recipere
942 1529 1093 1603 turbatos,

144 1647 206 1687 non
221 1626 345 1687 obviam
365 1626 410 1685 ire
431 1626 575 1704 ultroque
596 1625 726 1705 aggredi
746 1626 877 1698 hostem,
892 1635 1016 1685 tantum
1036 1645 1092 1704 per
1129 1642 1145 1686 a

144 1724 277 1802 spatium
300 1743 390 1783 cursu
415 1731 448 1782 et
475 1722 644 1801 pugnaudo
671 1721 799 1783 fessum.
840 1722 938 1782 Forte
960 1723 1093 1802 profecti

143 1820 227 1881 baud
251 1819 379 1899 perinde
406 1819 497 1879 rebus
525 1818 680 1898 prosperis
705 1819 816 1878 drreem
841 1818 1093 1880 desideraverant

144 1926 237 1996 atque
265 1916 297 1976 in
325 1915 464 1976 adversis
498 1915 604 1974 deesse
639 1915 866 1994 intelligebant.
918 1916 1093 1976 Nutantem

143 2013 241 2073 aciem
256 2013 357 2073 victor
371 2013 526 2092 equitatus
541 2012 696 2071 incursat:
711 2023 744 2072 et
759 2011 933 2090 Vipstanus
948 2012 1094 2072 Messalla

143 2111 285 2171 tribunus
312 2130 383 2171 cum
410 2108 555 2169 Moesicis
583 2109 783 2169 auxiliaribus
812 2111 992 2189 assequitur,
1018 2125 1147 2189 quos10

116 2233 118 2238 ·
143 2207 234 2269 multi
248 2227 265 2268 e
280 2207 455 2288 legionariis
466 2226 641 2287 quanquam
656 2207 769 2286 raptim
782 2207 891 2267 ductos
903 2208 1093 2287 aequabant:

76 2343 80 2349 -
143 2305 187 2365 ita
197 2305 313 2366 mixtus
326 2305 423 2385 pedes
434 2324 587 2384 equesque
602 2324 712 2383 rupere
728 2304 884 2383 legionum
899 2324 1022 2383 agmen.
1050 2305 1093 2364 Et

143 2405 317 2482 propinqua
330 2402 584 2462 Cremonensium
598 2399 722 2460 moenia
736 2412 852 2479 quanto
874 2401 943 2479 plus
964 2400 1030 2479 spei
1052 2401 1092 2460 ad

143 2498 303 2579 effugium,
327 2499 478 2558 minorem
506 2497 545 2556 ad
572 2497 780 2556 resistendum
806 2496 943 2556 animum
966 2497 1092 2557 dabant.

143 2594 212 2655 Nec
239 2596 397 2655 Antonius
426 2595 506 2654 ultra
533 2592 658 2667 institit,
681 2613 799 2653 mernor
826 2593 939 2653 laboris
967 2612 1002 2653 ac
1029 2594 1146 2654 vul-15

143 2711 262 2765 nerum,
285 2691 396 2770 quibus
424 2699 489 2750 tam
516 2709 629 2770 anceps
656 2689 764 2769 proelii
791 2689 927 2763 fortuna,
951 2689 1093 2769 quamvis

143 2808 289 2868 prospero
302 2788 373 2859 fine,
388 2786 510 2867 equites
524 2806 679 2866 equosque
694 2787 906 2846 afflictaverat.

184 2886 231 2943 19.
267 2883 470 2943 Inumbrante
485 2902 613 2961 vespera
627 2883 805 2942 universum
820 2882 963 2941 Flaviani
978 2882 1092 2942 exerci-

143 2991 194 3042 tus
216 2981 311 3041 robur
332 2980 477 3040 advenit:
503 2991 599 3058 utque
624 2980 763 3040 cumulos
787 2999 878 3059 super
902 2989 935 3039 et
956 2979 1094 3040 recentia

143 3078 237 3138 caede
259 3077 390 3156 vestigia
410 3076 572 3148 incessere,
594 3076 680 3155 quasi
702 3076 889 3136 debellatum
914 3076 1006 3150 foret,
1027 3097 1093 3156 per-

142 3193 215 3253 gere
230 3173 415 3233 Cremonam
436 3184 469 3232 et
489 3172 590 3232 victos
611 3171 642 3230 in
664 3172 856 3232 deditionem
877 3173 1016 3251 accipere
1038 3183 1092 3232 aut

143 3289 321 3350 expugnare
342 3270 523 3348 deposcunt.
565 3268 697 3327 Haecin
713 3269 827 3342 medio,
843 3269 974 3347 pulchra
987 3269 1092 3328 dictu:
1130 3285 1145 3329 a

143 3367 196 3426 illa
223 3364 281 3425 sibi
302 3365 440 3445 quisque,
462 3385 551 3445 posse
572 3364 725 3425 coloniam
745 3365 839 3444 plano
859 3365 951 3425 sitam
972 3365 1091 3445 impetu
