2580 3944
348 159 607 209 mereamim
629 161 741 210 menn
765 162 932 211 ananus.
1087 144 1151 209 119

188 319 235 378 al.
271 316 310 376 Id
324 336 399 376 vero
414 336 505 396 aegre
521 318 675 379 tolerante
688 319 788 380 milite
801 339 898 399 prope
913 319 1099 379 seditionem

147 429 285 487 ventum,
300 432 370 472 cum
384 413 540 493 progressi
554 414 674 493 equites
694 416 751 475 sub
771 416 839 494 ipsa
859 415 982 475 moenia
1003 434 1098 494 vagos

146 532 184 571 ex
200 509 460 572 Cremonensibus
477 510 657 589 corripiunt,
672 532 803 591 quorum
825 511 940 571 indicio
960 512 1099 571 noscitur

146 629 199 668 sex
212 607 396 668 Vitellianas
411 606 547 685 legiones
562 627 746 686 omnemque
761 609 941 682 exercitum,
953 608 1005 688 qui
1020 608 1098 667 Hos·

145 707 230 766 tiliae
245 714 361 785 egerat,
375 725 412 764 eo
427 703 495 783 ipso
510 703 562 763 die
577 703 707 782 triginta
727 704 812 763 milia
832 725 978 783 passuum
999 724 1100 764 emen·
1136 718 1152 763 t

145 823 222 876 snm,
244 811 403 883 comperta
423 820 548 861 suorum
570 799 668 873 clade,
690 800 721 859 in
742 802 894 879 proelium
915 800 1034 879 accingi
1062 820 1098 860 ac

144 900 209 978 jam
224 900 342 959 adfore.
377 898 409 959 ls
422 909 523 959 terror
537 897 713 958 obstructas
727 907 846 957 mentes
861 898 995 958 consiliis
1010 897 1098 958 ducis

145 996 276 1073 apernit.
319 997 434 1056 Sistere
454 995 581 1056 tertiam
603 995 766 1054 decumam
794 993 949 1072 legionem
973 994 1004 1053 in
1030 994 1097 1072 ipso

145 1092 214 1150 riae
225 1091 405 1152 Postumiae
416 1111 530 1172 aggere
544 1091 643 1172 jubet,
657 1090 705 1149 oui
715 1090 827 1169 juncta
838 1110 856 1148 a
866 1091 956 1150 laevo
967 1090 1098 1169 septima

146 1187 297 1248 Galbiana
310 1189 431 1268 patenti
446 1208 556 1268 campo
570 1189 668 1262 stetit,
680 1186 752 1246 dein
769 1186 901 1264 septima
916 1187 1097 1260 Claudiana,
1120 1202 1148 1245 10

146 1286 259 1363 agresti
272 1286 356 1345 fossa
369 1285 428 1363 (ita
441 1286 527 1344 locus
541 1288 621 1364 erat)
636 1283 846 1364 praemunita;
861 1283 972 1343 dextro
986 1295 1098 1343 octava

145 1401 201 1460 per
215 1395 356 1460 apertum
378 1381 519 1455 limitem,
533 1401 606 1441 mox
620 1381 712 1440 tertia
726 1379 831 1439 densis
853 1379 985 1439 arbustis
1006 1380 1099 1438 inter·

145 1488 242 1557 septa.
270 1477 332 1538 Hic
346 1477 518 1557 aquilarum
532 1478 750 1557 signorumque
762 1476 856 1536 ordo:
878 1474 992 1535 milites
1006 1475 1098 1535 mixti

144 1596 200 1654 per
208 1577 358 1650 tenebras,
365 1584 400 1635 ut
408 1575 469 1635 fors
478 1575 602 1649 tulerat3
615 1574 842 1655 praetorianum
853 1572 1000 1633 vexillum
1008 1581 1098 1652 prox-

144 1673 241 1732 imum
256 1672 405 1746 tertianis,
421 1673 564 1732 cobortes
579 1672 763 1732 auxiliorum
778 1671 809 1731 in
825 1671 980 1744 cornibus,
996 1671 1095 1730 latera
1116 1685 1145 1731 15

145 1788 181 1828 ac
195 1778 285 1847 terga
298 1769 401 1848 equite
417 1768 626 1848 circumdata:
648 1769 724 1828 Sido
740 1782 832 1848 atque
847 1767 975 1828 Italicus
991 1768 1096 1843 Saevi,

144 1885 215 1925 cum
230 1865 358 1926 delectis
373 1865 577 1944 popularium,
589 1865 715 1944 primori
730 1866 761 1924 in
778 1865 842 1924 acie
857 1867 1069 1926 versabantur.

184 1963 232 2021 22.
260 1962 306 2022 At
317 1962 506 2021 Vitellianus
520 1962 683 2035 exercitus,
699 1961 747 2021 cui
762 1963 956 2040 acquiescere
972 1963 1097 2023 Cremo-

144 2077 211 2131 nae,
232 2068 264 2119 et
284 2058 462 2137 reciperatis
484 2058 553 2117 cibo
575 2077 744 2137 somnoque
765 2059 893 2132 viribus,
914 2060 1094 2119 conlectum

144 2155 249 2232 algore
270 2165 363 2234 atque
385 2154 490 2213 inedia
510 2155 631 2213 bostem
652 2163 777 2232 postera
797 2155 848 2215 die
870 2157 1036 2236 profligare
1058 2176 1093 2216 ac

144 2270 289 2330 proruere
300 2251 380 2311 ratio
394 2250 462 2323 fuit,
474 2249 598 2328 indigus
609 2251 748 2321 rectoris,
759 2250 850 2330 inops
861 2252 990 2324 consilii,
1001 2252 1096 2311 tertia

142 2347 240 2406 ferme
262 2347 361 2406 noctis
381 2346 458 2405 hora
478 2345 594 2424 paratis
613 2347 679 2426 jam
701 2347 921 2428 dispositisque
936 2347 1095 2407 Flavianis
1134 2364 1149 2407 5

142 2443 335 2523 impingitur.
384 2442 536 2501 Ordinem
561 2443 695 2522 agminis
720 2444 845 2525 disjecti
873 2463 929 2523 per
955 2443 1033 2502 iram
1060 2463 1096 2503 ac

142 2540 285 2600 tenebras
299 2557 473 2599 asseverare
490 2559 551 2598 non
568 2540 676 2614 ausim,
692 2561 868 2620 quanquam
888 2540 941 2600 alii
961 2540 1097 2600 tradide-

141 2636 204 2696 rint
227 2645 370 2715 quartam
394 2633 631 2696 Macedonicam
660 2639 806 2697 dextrum
834 2657 960 2697 suorum
988 2656 1094 2709 cornu,

142 2733 281 2811 quintam
292 2742 325 2791 et
336 2731 477 2810 quintam
486 2732 650 2792 decumam
665 2753 736 2793 cum
745 2733 866 2793 vexillis
878 2751 978 2791 nonae
989 2751 1095 2791 secun·

142 2829 261 2906 deeque
278 2837 311 2886 et
325 2827 491 2888 vicesimae
507 2830 758 2890 Britannicarum
779 2830 936 2909 legionum
958 2829 1094 2888 mediam
1117 2843 1147 2888 ω

141 2924 248 2995 aciem,
262 2925 539 2986 sextadecumanos
558 2926 919 3005 duoetvicesimanosque
934 2933 967 2984 et
981 2925 1093 3003 prima·

141 3040 198 3079 nos
220 3021 344 3080 laevum
367 3041 463 3082 cornu
486 3024 666 3101 complesse.
707 3021 848 3101 Rapaces
870 3032 963 3101 atque
988 3020 1094 3080 Italici

142 3117 284 3176 omnibus
308 3137 341 3177 se
366 3119 532 3198 manipulis
559 3119 767 3192 miscuerant;
794 3137 888 3198 eques
916 3117 1094 3196 auxiliaque

141 3213 200 3272 sibi
221 3213 280 3293 ipsi
301 3216 405 3275 locum
426 3216 538 3295 legere.
579 3214 739 3275 Proelium
759 3225 828 3275 tota
848 3225 940 3275 nocte
961 3214 1093 3285 varium,

141 3329 262 3389 anceps,
276 3323 384 3386 atr0x3
405 3312 462 3384 his,
477 3332 580 3372 rursus
601 3312 661 3371 illis
676 3311 852 3372 exitiabile:
873 3312 950 3371 nihil
971 3312 1092 3372 animus
1115 3325 1144 3370 15

141 3417 196 3467 aut
210 3427 329 3484 manus,
344 3427 383 3468 ne
397 3408 477 3469 oculi
495 3408 621 3489 quidem
641 3409 768 3489 provisu
787 3408 961 3490 juvabant:
982 3408 1093 3468 eadem
