2580 3944
360 137 620 185 msrosmnou
642 138 752 183 mssa
776 137 925 182 narnus.
1104 119 1144 181 81

141 294 290 354 adversus
304 302 461 353 tormenta
472 312 631 353 servorum
645 292 740 367 fides3
760 311 920 371 supremae
941 293 1092 352 clarorum
1131 306 1146 351 5

141 390 280 450 virorum
290 389 498 463 necessitates,
510 391 576 468 ipsa
588 390 752 449 necessitas
766 389 891 448 fortiter
905 391 1048 462 tolerata,
1061 399 1093 447 et

141 487 276 547 laudatis
300 487 496 565 antiquorum
522 486 673 545 mortibus
694 505 783 564 pares
811 486 920 544 exitus.
963 485 1093 544 Praeter

142 582 328 660 multiplices
356 602 458 642 rerum
487 583 690 640 humanarum
719 601 815 654 casus,
838 582 923 640 caelo
950 590 1092 660 terraque

142 679 285 759 prodigia
299 689 331 738 et
344 677 510 737 fulminum
525 678 661 737 monitus
683 688 714 736 et
735 678 909 735 futurorum
924 678 1092 756 praesagia,

142 777 226 835 laeta
250 775 359 849 tristia,
384 775 528 853 ambigua
552 775 732 847 manifesta3
760 794 817 833 nec
846 774 928 832 enim
959 794 1093 852 unquam
1117 789 1146 832 to

142 871 345 932 atrocioribus
373 871 480 951 populi
508 870 642 930 Romani
670 870 809 929 cladibus
837 870 974 949 magisve
998 869 1092 948 justis

142 967 265 1028 indiciis
279 969 483 1047 approbatum
498 977 555 1040 est,
564 987 625 1027 non
638 986 702 1026 esse
715 986 806 1026 curae
818 966 884 1026 deis
895 967 1092 1026 securitatem

142 1076 290 1138 nostram,
304 1084 369 1123 esse
385 1065 542 1124 ultionem.

183 1161 212 1221 4.
249 1160 392 1220 Ceterum
408 1171 574 1239 antequam
585 1159 740 1219 destinata
751 1180 943 1238 componam,
955 1171 1093 1238 repeten-

143 1257 218 1317 dum
230 1257 364 1331 videtur,
375 1258 472 1336 qualis
487 1266 586 1316 status
601 1256 692 1328 urbis,
705 1277 783 1334 quae
795 1277 881 1315 meus
893 1256 1092 1328 exercituum,

144 1353 212 1434 quis
227 1354 350 1414 habitus
363 1352 599 1432 provinciarum,
615 1353 688 1431 quid
706 1353 737 1410 iu
757 1362 826 1411 toto
847 1362 998 1410 terrarum
1019 1352 1092 1410 orbe

143 1450 292 1524 validum,
306 1450 382 1530 quid
403 1470 528 1529 aegrum
550 1450 650 1522 suerit,
665 1460 700 1507 ut
715 1470 776 1507 non
791 1448 885 1507 modo
901 1467 989 1508 casus
1003 1468 1094 1508 even·
1152 1465 1157 1475 “

143 1557 255 1626 tusque
275 1567 386 1621 rerum,
407 1547 461 1625 qui
482 1547 662 1625 plerumque
688 1546 809 1604 fortuiti
832 1557 914 1619 suut,
937 1546 991 1605 sed
1013 1547 1092 1606 ratio
1130 1561 1145 1604 5

144 1644 238 1703 etiam
260 1663 429 1722 causaeque
454 1652 631 1704 noscantur.
674 1643 760 1702 Finis
782 1643 916 1703 Neronis
937 1655 973 1704 ut
993 1645 1092 1703 laetus

143 1739 244 1820 primo
270 1740 474 1819 gaudentium
503 1739 622 1818 impetu
649 1739 759 1813 fuerat,
788 1740 832 1799 ita
860 1741 962 1800 varios
989 1752 1093 1800 motus

143 1837 316 1896 animorum
330 1857 392 1897 non
406 1838 500 1898 modo
515 1838 546 1896 in
564 1837 637 1895 urbe
653 1837 735 1915 apud
751 1849 854 1915 patres
875 1850 929 1896 aut
943 1838 1092 1916 populum

144 1945 199 1994 aut
224 1934 374 1994 urbanum
398 1935 538 2007 militem,
563 1935 617 1993 sed
643 1955 750 1994 omnes
774 1934 913 2012 legiones
938 1934 1092 2012 ducesque

144 2030 328 2104 conciverat,
336 2031 482 2110 evulgato
492 2030 612 2109 imperii
620 2049 739 2101 arcano,
747 2050 835 2108 posse
843 2030 1013 2109 principem
1021 2030 1095 2088 alibi
1117 2046 1145 2089 to

145 2148 236 2207 quam
253 2128 373 2189 Romae
394 2130 469 2190 fieri.
513 2129 575 2190 Sed
596 2141 699 2209 patres
721 2131 802 2202 laeti,
818 2142 965 2209 usurpata
986 2131 1093 2189 statim

144 2225 287 2286 libertate
303 2227 445 2287 licentius
460 2240 496 2288 ut
510 2247 583 2306 erga
604 2227 774 2307 principem
797 2248 912 2287 novum
934 2240 967 2286 et
988 2228 1093 2286 absen-

144 2332 227 2397 tem3
248 2324 396 2402 primores
415 2325 555 2405 equitum
574 2326 704 2404 proximi
724 2325 839 2404 gaudio
860 2336 1001 2403 patrum3
1021 2343 1092 2403 pars

143 2420 251 2498 populi
278 2421 400 2500 integra
427 2434 460 2483 et
487 2423 608 2502 magnis
636 2422 779 2482 domibus
807 2440 935 2492 annexa,
964 2421 1092 2479 clientes

143 2515 307 2598 libertique
322 2519 540 2579 damnatorum
553 2529 584 2578 et
596 2519 720 2578 exulum
731 2518 762 2576 in
775 2537 862 2596 spem
877 2516 990 2576 erecti:
1005 2516 1093 2594 plebs
1115 2531 1145 2575 15

144 2613 314 2674 sordidast
329 2615 410 2674 circo
426 2635 461 2675 ac
481 2616 609 2674 theatris
631 2624 726 2687 sueta,
743 2614 832 2673 simul
855 2613 1013 2673 deterrimi
1034 2632 1093 2672 ser-

143 2728 263 2783 vorum,
275 2722 329 2770 aut
340 2711 392 2790 qui
404 2712 503 2772 adesis
514 2712 602 2771 bonis
613 2731 668 2789 per
679 2710 813 2770 dedecus
825 2710 958 2770 Neronis
973 2710 1094 2769 aleban-

144 2813 203 2876 tur,
217 2807 327 2867 maesti
342 2819 373 2867 et
387 2828 545 2867 rumorum
560 2807 654 2866 avidi.

186 2902 212 2962 5.
240 2902 333 2963 Miles
342 2904 576 2982 urbanuslongo
585 2903 1093 2964 Caesarumsacramentoimbutus

145 3007 178 3058 et
197 2999 238 3059 ad
259 3000 493 3060 destituendum
514 3000 673 3060 Neronem
701 3012 767 3061 arte
788 3001 885 3079 magis
906 3010 938 3060 et
958 3001 1093 3080 impulsu

145 3115 237 3173 quam
252 3116 307 3156 suo
323 3097 446 3177 ingenio
457 3096 626 3170 traductus,
637 3106 801 3176 postquam
813 3117 911 3175 neque
923 3096 989 3155 dari
1002 3098 1094 3155 dona-

145 3192 245 3251 tivum
266 3193 322 3252 sub
343 3193 467 3253 nornine
489 3192 606 3253 Galbae
631 3193 824 3272 promissum,
846 3213 945 3272 neque
974 3192 1093 3270 magnis

145 3289 264 3349 meritis
291 3308 327 3348 ac
354 3290 500 3368 praemiis
525 3291 658 3349 eundem
684 3288 715 3347 in
741 3308 816 3368 pace
839 3308 931 3368 quem
953 3288 985 3347 in
1010 3288 1091 3347 bello
1130 3301 1146 3346 5

146 3385 256 3458 locum,
265 3397 525 3466 praeventamque
534 3386 666 3467 gratiam
676 3385 822 3466 intelligit
831 3385 913 3464 apud
924 3383 1094 3463 principem

636 3481 669 3532 4}
