2580 3944
143 145 188 209 48
465 165 660 215 nxonsrrs
682 165 896 214 rscrrmua.

195 323 386 404 legionibus:
413 345 486 384 nam
512 324 613 384 isdem
639 325 766 386 aestivis
792 325 826 385 in
854 324 967 384 finibus
988 324 1146 386 Ubiorum

194 421 388 482 habebantur
401 443 457 501 per
471 421 570 483 otimu
584 433 638 481 aut
654 423 737 482 levia
755 422 870 481 munia.
911 421 1015 501 Igitur
1035 423 1145 481 audito

141 533 172 578 15
193 517 254 577 fine
269 519 415 598 Augusti,
430 519 596 578 vernacula
608 519 788 592 multitudo,
803 538 903 597 nuper
922 531 993 578 acto
1013 518 1046 577 in
1067 520 1145 578 urbe

195 616 322 688 dilectu,
346 615 490 674 lasciviae
517 627 615 688 sueta,
643 617 783 675 labomm
808 615 989 687 intolerans,
1013 615 1144 693 implere

194 722 368 771 ceterorum
381 712 474 772 rudes
488 712 623 772 animos:
644 712 765 772 venisse
784 720 908 790 tempus
927 732 988 790 quo
1002 711 1144 770 veterani

193 819 348 869 maturam
366 808 553 882 missionem,
566 810 697 889 juvenes
711 808 845 887 largiora
858 808 1023 886 stipendia,
1037 808 1144 868 cuncti

192 906 322 965 modum
335 905 527 964 miseriarum
545 916 749 984 exposcerent
768 905 990 984 saetitiamquc
1010 904 1144 964 centuri·

140 1015 172 1062 20
193 1021 289 1061 onum
309 1002 541 1061 ulciscerentur.
582 1001 656 1061 Non
677 1021 757 1060 uuus
780 1002 867 1074 haec,
888 1012 924 1060 ut
945 1001 1143 1060 Pannonicas

193 1098 277 1158 inter
297 1099 435 1178 legiones
453 1099 653 1171 Percennius,
667 1118 725 1157 nec
746 1098 828 1177 apud
849 1097 987 1176 trepidas
1007 1098 1143 1157 militum

193 1214 293 1270 sures,
302 1196 379 1256 alios
389 1196 555 1256 validiores
566 1195 721 1255 exercitus
729 1195 969 1274 respicientium,
979 1195 1034 1254 sed
1042 1195 1143 1254 multa

192 1292 356 1353 seditionis
375 1313 431 1352 ora
450 1312 619 1373 vocesque:
640 1292 748 1352 suain
768 1311 862 1351 manu
882 1291 974 1351 sitam
993 1311 1058 1350 rem
1080 1291 1142 1351 Ro·

193 1409 326 1463 manain,
349 1390 414 1450 suis
433 1389 573 1449 victoriis
600 1389 708 1468 augeri
735 1389 967 1468 rempublicam,
991 1388 1024 1447 in
1050 1409 1141 1449 suum

139 1500 172 1546 25
193 1497 434 1564 cognomentum
447 1486 577 1546 adscisci
591 1487 804 1564 imperatores

233 1584 281 1641 32.
322 1583 392 1642 Nec
411 1583 532 1661 legatus
552 1582 676 1641 obviarn
696 1582 780 1642 ibat:
801 1581 915 1660 quippe
936 1581 1069 1660 plurium
1090 1602 1142 1641 ve-

193 1678 300 1737 cordia
320 1679 527 1738 constantiam
547 1689 713 1738 exemerat
754 1678 896 1757 Repente
917 1678 1070 1757 lymphati
1089 1679 1142 1738 de-

191 1775 307 1835 strictis
319 1775 432 1855 gladiis
446 1775 478 1835 in
493 1777 688 1836 centuriones
701 1776 853 1834 invadunt
867 1777 918 1854 (ea
932 1775 1142 1835 vetustissima

192 1871 376 1934 militaribus
404 1873 482 1932 odiis
508 1873 652 1932 materies
685 1881 718 1932 et
748 1872 906 1931 saeviendi
933 1872 1141 1951 principium),

138 1984 155 2029 t
191 1980 362 2049 prostratos
386 1970 565 2030 verberibus
592 1971 739 2044 mulcant,
764 1969 911 2049 sexageni
936 1969 1082 2048 singulos,
1105 1981 1142 2029 ut

192 2086 356 2126 numemm
380 2068 597 2152 centurionum
624 2068 852 2146 adaequarent:
880 2076 949 2125 tum
976 2067 1141 2126 convulsos

192 2165 385 2244 laniatosque
399 2176 432 2225 et
445 2165 558 2244 partim
573 2164 732 2226 exanimos
747 2175 819 2223 ante
833 2164 950 2222 vallum
964 2173 1018 2222 aut
1032 2163 1063 2221 in
1079 2183 1142 2222 am-

193 2281 264 2321 nem
275 2261 420 2322 Rhenum
431 2262 606 2342 projiciunt.
635 2261 804 2340 Septimius
817 2281 888 2320 curn
902 2260 1086 2339 perfugisset
1099 2260 1141 2320 ad

192 2358 330 2418 tribunal
350 2359 541 2439 pedibusque
562 2358 713 2419 Caecinae
735 2358 963 2431 advolveretur,
984 2376 1141 2435 eousque

140 2470 171 2515 10
190 2455 350 2535 flagitatus
375 2467 431 2529 est,
455 2455 554 2515 donec
578 2455 617 2513 ad
643 2454 773 2514 exitium
798 2453 973 2513 dederetur.
1015 2454 1142 2514 Cassius

193 2552 340 2624 Chaerea,
355 2572 428 2613 mox
449 2553 544 2611 caede
559 2552 615 2612 Cai
630 2551 770 2612 Caesaris
782 2551 963 2610 memoriam
977 2550 1060 2628 apud
1073 2569 1142 2628 pos·

191 2659 275 2708 teros
302 2649 441 2728 adeptus,
462 2659 529 2708 tum
557 2648 734 2707 adolescens
761 2659 794 2708 et
821 2647 915 2706 animi
941 2647 1037 2717 ferox,
1058 2647 1143 2706 inter

192 2745 352 2805 obstantes
375 2755 408 2804 et
430 2755 564 2804 armatos
586 2744 670 2806 ferro
691 2744 773 2803 viam
796 2744 952 2823 patefecit.
992 2743 1067 2803 Non
1088 2743 1142 2802 tri·

191 2841 293 2901 burrus
315 2843 405 2914 ultra,
427 2861 490 2901 non
518 2852 689 2900 castrorum
711 2841 885 2920 praefectus
907 2841 961 2920 jus
987 2841 1141 2900 obtinuit:

139 2951 170 2996 15
191 2938 321 3016 vigilias,
333 2939 491 3010 stationes,
501 2948 534 2997 et
548 2937 573 2997 si
588 2958 648 3016 qua
659 2939 719 2997 alia
728 2957 873 3017 praesens
887 2957 959 2997 usus
974 2937 1139 3010 indixerat,

192 3033 250 3112 ipsi
271 3034 493 3112 partiebantur.
535 3033 573 3093 Id
594 3034 743 3094 militares
764 3035 883 3095 animos
903 3033 996 3094 altius
1022 3033 1142 3112 conjec-

192 3130 331 3190 tantibus
342 3131 538 3209 praecipuum
555 3132 703 3191 indicium
713 3131 820 3210 magni
830 3141 924 3210 atque
937 3130 1141 3209 implacabilis

192 3238 304 3299 motus,
315 3227 397 3305 quod
412 3248 512 3308 neque
526 3228 648 3308 disjecti
662 3248 719 3287 nec
731 3248 900 3307 paucorum
915 3227 1074 3299 instinctu,
1083 3226 1141 3286 sed

193 3324 309 3403 pariter
330 3324 535 3397 ardescerent,
553 3325 670 3403 pariter
690 3325 826 3398 silerent,
843 3333 932 3383 tanta
952 3323 1140 3402 aequalitate

139 3435 171 3480 20
192 3433 224 3480 et
239 3421 420 3496 constantia,
435 3433 471 3481 ut
486 3422 551 3501 regi
565 3421 716 3481 crederes.
