2580 3944
194 189 259 256 158
477 205 673 254 axcnarra
695 201 909 253 raomtaua.

248 366 370 446 singula
394 363 501 425 statim
529 371 712 443 argumenta
738 360 927 423 concludens
952 359 1075 421 dicendi
1103 379 1203 439 genus

195 480 226 525 35
248 466 316 544 plus
331 461 404 522 fidei
420 470 574 520 meretur:
596 459 677 539 apud
700 460 755 518 hos
775 458 896 518 dedisse
918 477 1044 536 operam
1066 457 1202 518 dialecti·

248 582 301 623 cae
323 558 473 642 proficiet
514 556 604 616 Alios
619 557 689 616 fusa
703 566 736 617 et
750 554 918 635 aequabilis
932 564 1017 614 etex
1032 554 1203 614 communi-

248 660 306 720 bus
319 660 413 719 ducta
427 654 569 716 sensibus
583 652 683 713 oratio
702 651 802 731 magis
823 652 976 711 delectat:
997 651 1035 710 ad
1058 652 1114 711 hos
1135 671 1203 730 per-

248 757 419 817 movendos
448 750 658 812 mutuabimur
693 769 711 808 a
738 747 956 828 Peripateticis
984 757 1073 826 aptos
1101 757 1134 808 et
1169 749 1202 808 iu

248 874 372 915 omnem
399 848 643 930 disputationem
671 856 797 926 paratos
826 845 894 923 jam
927 845 1021 905 locos.
1071 844 1203 906 Dabunt

194 966 226 1011 40
247 949 427 1011 Academici
441 949 682 1027 pugnacitatem,
695 942 789 1003 Plato
804 941 1010 1014 altitudinem,
1021 939 1201 1021 Xenophon

243 1047 493 1128 jucunditatem:
525 1062 563 1102 ne
587 1039 716 1120 Epicuri
744 1038 870 1119 quidem
896 1047 928 1098 et
950 1037 1123 1098 Metrodori
1148 1039 1202 1098 ho-

247 1156 352 1206 nestas
365 1142 603 1204 exclamationes
617 1155 781 1207 assumere,
799 1136 895 1215 iisque
916 1144 1009 1214 prout
1029 1153 1078 1194 res
1100 1135 1201 1213 poscit

248 1243 302 1318 uti,
314 1242 448 1302 alienum
463 1239 524 1300 erit
534 1235 659 1298 oratori.
700 1232 812 1311 Neque
821 1231 905 1291 enim
919 1230 1091 1310 sapientem
1105 1230 1202 1290 infor-

248 1361 367 1401 mamus
381 1359 437 1400 nec
452 1337 629 1400 Stoicarum
644 1331 813 1402 civitatem,
824 1328 880 1388 sed
895 1347 967 1389 eum
981 1328 1034 1408 qui
1048 1328 1201 1409 quasdam

248 1450 329 1499 artes
343 1438 474 1510 haurire,
489 1456 597 1497 omues
612 1433 709 1493 libare
724 1425 827 1487 debet

288 1539 335 1596 36.
365 1537 482 1615 Magna
502 1534 688 1613 eloquentia,
708 1532 788 1593 sicut
808 1531 941 1606 daroma,
955 1530 1085 1592 materia
1105 1529 1203 1590 alitur

248 1645 280 1694 et
294 1634 429 1693 motibus
444 1633 599 1694 excitatur
612 1641 644 1693 et
658 1634 778 1693 urendo
792 1629 942 1692 clarescit.
982 1625 1103 1686 ltadem
1117 1627 1201 1684 ratio
1239 1693 1243 1697 ,

248 1732 278 1791 iu
294 1740 399 1791 nostra
414 1750 536 1811 quoque
550 1730 678 1789 civitate
692 1728 889 1806 antiquorum
906 1722 1116 1805 eloquentiam
1130 1741 1203 1802 pro-

248 1827 343 1887 vexit.
386 1827 469 1887 Nam
484 1825 543 1887 etsi
557 1828 667 1887 horum
681 1846 804 1906 quoquc
819 1838 995 1906 temporum
1009 1835 1148 1886 oratores
1164 1842 1203 1884 ea

249 1925 406 1987 consecuti
422 1933 505 1998 sunt,
524 1943 602 2004 qnae
623 1924 793 2003 composita
812 1934 846 1985 et
864 1923 972 2005 quieta
988 1934 1021 1984 et
1042 1923 1134 1982 beata
1158 1941 1204 1982 re-

247 2022 371 2102 publica
395 2022 489 2084 tribui
516 2021 565 2082 fas
592 2031 667 2094 erat,
689 2032 794 2081 tamen
821 2021 876 2082 illa
901 2020 1134 2102 perturbatione
1165 2039 1204 2081 ac

248 2120 373 2180 licentia
400 2121 488 2200 plura
522 2119 579 2179 sibi
614 2121 734 2199 assequi
762 2123 959 2199 videbantur,
988 2143 1058 2186 cum
1091 2122 1204 2183 mixtis

248 2216 391 2277 omnibus
405 2227 438 2278 et
451 2216 648 2276 moderatore
663 2236 725 2278 uno
740 2221 916 2281 carentibus
930 2224 1054 2282 tantum
1068 2220 1203 2301 quisque

248 2324 352 2374 orator
378 2325 501 2393 saperet
529 2323 680 2395 quantum
714 2317 830 2378 erranti
865 2318 980 2398 populo
1001 2317 1203 2397 persuadere

195 2427 224 2472 1o
245 2421 378 2491 poterat.
420 2412 503 2473 Hinc
516 2412 601 2492 leges
615 2414 755 2475 assiduae
770 2423 803 2475 et
817 2415 966 2494 populare
987 2432 1108 2487 nomen,
1122 2398 1204 2476 binc

248 2509 412 2569 conciones
433 2511 669 2590 magistratuum
692 2533 791 2594 paene
813 2511 1061 2591 pernoctantium
1082 2509 1114 2569 in
1135 2530 1204 2572 ros-

247 2607 313 2680 tris,
327 2606 398 2666 binc
413 2608 622 2671 accusationes
636 2609 813 2690 potentium
828 2627 951 2671 reorum
970 2617 1002 2668 et
1023 2606 1203 2686 assignatae

248 2703 341 2763 etiam
356 2702 498 2763 domibus
513 2704 703 2778 inimicitiae,
718 2706 789 2766 bino
809 2724 972 2784 procerum
993 2703 1146 2764 factiones
1161 2716 1205 2767 'et

248 2799 371 2861 assidua
397 2809 521 2860 senatus
550 2804 698 2863 adversus
725 2803 847 2882 plebem
876 2800 1053 2862 certamina
1109 2799 1204 2872 Quae

196 2912 226 2956 lt
247 2895 368 2973 singula
402 2896 461 2955 etsi
496 2898 712 2959 distrahebant
746 2898 977 2978 rempublicam,
1012 2896 1205 2960 exercebant

248 3002 351 3051 tamen
366 2992 491 3055 illorum
505 3005 683 3075 temporum
695 2996 902 3075 eloquentiam
918 3003 950 3054 et
964 2993 1084 3074 magnis
1096 3012 1206 3056 eumu-

219 3120 221 3124 ·
248 3090 312 3148 lare
339 3091 482 3169 praemiis
511 3093 704 3164 videbantur,
727 3092 798 3170 quia
826 3100 942 3170 quanto
971 3090 1099 3170 quisque
1127 3091 1205 3168 plus'

248 3187 381 3247 dicendo
405 3199 535 3268 poterat,
557 3197 647 3249 tanto
670 3188 790 3247 facilius
813 3188 944 3247 bonores
969 3185 1205 3266 assequebatur,

247 3291 335 3344 tanto
351 3285 450 3365 magis
470 3285 500 3345 iu
519 3286 592 3365 ipsis
612 3284 780 3345 honoribus
802 3284 936 3362 collegas
957 3303 1027 3343 suos
1048 3283 1205 3358 anteibat,

194 3396 226 3442 20
246 3391 335 3441 tanto
347 3381 417 3460 plus
431 3382 512 3462 apud
523 3381 677 3460 principes
690 3380 819 3460 gratiae,
830 3381 899 3458 plus
910 3379 1103 3439 auctoritatis
1114 3383 1206 3458 apud

246 3485 361 3558 patres,
375 3478 445 3555 plus
459 3475 589 3536 notitiae
604 3493 640 3533 ac
653 3474 787 3536 nominis
808 3474 891 3554 apud
912 3474 1035 3554 plebem
1056 3473 1205 3550 parabat
