2580 3944
271 413 606 490 EXCERPTA
657 400 1019 489 TAOITIANn

519 661 768 671 ———

368 854 625 921 EXCERPTA
657 852 926 918 ANNALIUM.

441 1048 604 1110 LIBER
638 1047 853 1110 PRIMUS.

194 1244 221 1301 1.
263 1239 383 1303 Urbem
394 1238 527 1300 Romam
539 1257 556 1298 a
567 1237 721 1319 principio
735 1257 824 1317 reges
837 1236 990 1312 habucre;
1004 1236 1094 1298 liber·

142 1347 241 1398 tatem
262 1347 294 1397 et
315 1337 510 1397 consulatum
527 1334 563 1396 L.
583 1336 700 1395 Brutus
721 1334 868 1395 instituit.
910 1334 1093 1395 Dictaturae

143 1434 182 1494 ad
203 1444 326 1513 tempus
347 1432 566 1508 sumebantur3
593 1452 694 1512 neque
717 1431 934 1492 decemviralis
956 1442 1094 1511 potestas

141 1531 224 1590 ultra
247 1531 417 1604 biennium,
439 1549 540 1609 neque
561 1530 756 1590 tribunorum
775 1528 912 1588 militum
933 1529 1093 1587 consulare

137 1626 189 1706 jus
211 1627 266 1686 diu
286 1626 395 1687 valuit.
437 1626 510 1686 Non
529 1625 735 1701 Cinnac,non
758 1625 862 1685 Sullae
884 1625 978 1703 longa
998 1624 1095 1684 domi·
1132 1640 1148 1685 a

143 1723 245 1797 nati03
263 1733 295 1783 et
310 1722 443 1802 Pompei
458 1722 621 1802 Crassique
636 1722 779 1803 potentia
792 1722 855 1782 cito
870 1721 902 1780 in
918 1720 1093 1795 Caesarem,

143 1819 257 1899 Lepidi
277 1829 371 1899 atque
390 1819 523 1879 Antonii
544 1838 630 1879 arma
647 1820 678 1878 in
694 1819 873 1898 Augustum
894 1838 1025 1893 cessere,
1041 1819 1093 1898 qui

143 1927 255 1977 cuncta
272 1916 437 1976 discordiis
453 1915 596 1976 civilibus
616 1916 700 1975 fessa
719 1916 845 1975 nomine
866 1915 1016 1995 principis
1036 1917 1094 1976 sub

145 2012 310 2092 imperium
331 2011 461 2091 accepit.
504 2012 567 2071 Sed
588 2012 704 2072 veteris
729 2012 835 2091 populi
856 2012 992 2072 Romani
1012 2033 1095 2093 pros

144 2128 219 2189 pera
237 2109 289 2168 vel
313 2108 445 2168 adversa
468 2108 559 2168 claris
583 2108 786 2187 scriptoribus
810 2121 984 2169 memorata
1005 2119 1096 2185 sunt3
1118 2125 1149 2171 10

143 2205 396 2285 temporibusque
417 2204 555 2285 Augusti
575 2205 718 2266 dicendis
742 2226 804 2266 non
830 2207 957 2266 defuere
982 2207 1095 2267 decora

144 2303 279 2384 ingenia,
294 2303 393 2364 donec
407 2303 558 2382 gliscente
573 2303 751 2363 adulatione
767 2304 1008 2364 deterrerentur.
1046 2304 1096 2364 Ti-

143 2400 223 2460 berii
239 2399 355 2479 Gaique
372 2411 404 2460 et
420 2399 543 2460 Claudii
564 2419 599 2462 ac
618 2401 754 2461 Neronis
774 2421 834 2474 res,
848 2401 1032 2460 florentibus
1053 2400 1097 2480 ip

144 2497 195 2569 sis,
210 2496 250 2557 ob
270 2507 389 2557 metum
410 2497 516 2570 falsae,
531 2507 697 2578 postquam
714 2498 903 2570 occiderant,
918 2498 1096 2558 recentibus

145 2593 226 2654 odiis
239 2594 429 2673 compositae
444 2604 527 2655 sunt.
568 2593 648 2654 Inde
662 2595 825 2655 consilium
845 2594 921 2654 mihi
938 2613 1038 2674 pauca
1056 2594 1096 2654 de
1119 2609 1149 2654 15

145 2690 291 2769 Angusto
306 2700 338 2750 et
353 2700 492 2751 extrema
510 2692 645 2763 tradere,
660 2712 732 2750 mox
748 2691 867 2751 Tiberii
886 2690 1096 2770 principatum

145 2796 177 2846 et
205 2796 318 2860 cetera,
343 2785 409 2845 sine
437 2787 484 2846 ira
511 2796 544 2846 et
568 2787 682 2861 studio,
707 2807 839 2867 quorum
861 2806 968 2847 causas
987 2787 1096 2866 procul

145 2883 256 2942 habeo.

200 2979 228 3038 2.
270 2977 442 3059 Postquam
457 2979 558 3039 Bruto
573 2989 605 3039 et
617 2979 723 3040 Cassio
737 2979 833 3039 caesis
847 2980 933 3039 nulla
941 2979 1008 3058 jam
1023 2979 1098 3059 pub

146 3074 206 3134 lica
220 3095 316 3149 arma,
328 3075 497 3155 Pompeius
512 3075 595 3156 apud
612 3076 748 3137 Siciliam
763 3096 926 3155 oppressus
941 3085 1096 3155 exutoque

147 3170 277 3252 Lepido,
293 3173 459 3234 interfecto
478 3173 620 3233 Antonio
641 3193 680 3233 ne
701 3173 836 3235 Julianis
857 3173 984 3253 quidem
1004 3172 1098 3252 parti·
