2580 3944
345 182 607 232 marosmamr
628 183 740 232 ursas
763 184 967 233 accusans.
1106 169 1146 232 91

144 341 335 423 Sanguinem
349 361 421 402 arae
435 341 598 401 offundere
613 341 764 401 vetitum:
785 343 946 420 praecibus
967 353 1000 403 et
1020 343 1093 422 igne

133 458 221 518 ‚puro
246 440 357 499 altaria
378 438 553 511 adolentur,
575 458 632 497 nee
653 439 723 497 ullis
744 426 895 498 imbribus
917 460 1092 520 quanquam

142 535 175 594 in
200 546 308 615 aperto
333 536 523 596 madescunt.
566 534 772 594 Simulacrum
797 536 874 594 deae
902 558 964 596 non
994 539 1093 616 effigio

142 631 286 703 humana,
300 633 465 692 continuus
480 630 563 690 orbis
578 631 688 690 latiore
703 632 791 690 initio
810 643 936 693 tenuem
952 634 984 694 iu
1001 635 1094 694 ambi·
1116 650 1145 695 lt

142 739 210 787 tum
225 739 327 787 metae
341 729 436 787 modo
450 745 626 805 exsurgens,
641 728 695 786 sed
712 730 790 787 ratio
806 730 836 787 in
854 732 993 791 obscuro.

182 825 210 883 4.
237 824 336 898 Titus,
347 833 487 903 spectata
498 824 657 901 opulentia
669 825 818 903 donisque
831 847 939 905 rogum
954 847 1093 906 quaeque

142 921 202 980 alia
225 921 342 980 laetum
365 919 601 997 antiquitatibus
622 920 812 980 Graecorum
835 943 934 1003 genus
958 924 1093 983 incertae

142 1017 292 1076 vetustati
318 1016 446 1093 affingit,
473 1015 513 1074 de
548 1017 746 1095 navigatione
781 1021 916 1098 primum
950 1021 1091 1080 consulit.

142 1111 313 1191 Postquam
323 1112 419 1191 pandi
430 1113 511 1171 viam
527 1123 558 1171 et
572 1134 657 1173 mare
672 1134 852 1194 prosperum
868 1119 994 1196 accepit,
1006 1119 1044 1176 de
1059 1138 1092 1176 se

141 1230 197 1290 per
207 1211 352 1289 ambages
366 1210 537 1287 interrogat
549 1213 644 1270 caesis
656 1215 865 1291 compluribus
876 1214 993 1274 hostiis.
1023 1215 1092 1274 Sos·
1130 1227 1145 1272 a

141 1317 240 1367 tratus
257 1306 424 1385 (sacerdoti
440 1306 470 1364 id
486 1327 597 1366 nomen
614 1313 694 1385 erat)
713 1311 765 1368 ubi
780 1311 861 1369 laeta
876 1321 907 1369 et
922 1331 1093 1389 congruen-

141 1403 187 1463 tia
199 1413 273 1462 exta
288 1402 467 1482 magnisque
482 1404 630 1462 consultis
642 1424 775 1464 annuere
788 1406 878 1464 deam
891 1407 985 1477 videt,
995 1425 1093 1484 pauca

142 1500 174 1558 in
189 1518 334 1577 praesens
353 1508 387 1559 et
407 1499 498 1559 solita
513 1502 711 1578 respondens,
726 1501 825 1579 petito
847 1512 966 1562 secreto
987 1501 1093 1563 futura

142 1595 249 1674 aperit
290 1595 382 1656 Titus
405 1607 497 1656 aucto
518 1598 621 1656 animo
641 1598 680 1656 ad
703 1609 822 1676 patrem
843 1612 1016 1677 pervectus,
1031 1619 1093 1660 sus

141 1693 243 1772 pensis
263 1693 492 1772 provinciarum
520 1704 552 1753 et
577 1696 767 1755 exercituum
797 1696 1145 1775 mentibus,iugcns10

142 1809 242 1848 rerum
256 1789 371 1850 fiducia
386 1791 525 1852 accessit.

182 1886 407 1965 Profligaverat
428 1888 543 1947 bellum
559 1887 580 1948 J
584 1887 727 1948 udaicum
741 1889 959 1968 Vespasianus,
976 1910 1091 1969 oppug-

142 1984 268 2044 natione
283 1984 570 2065 Hierosolymorum
593 1986 718 2063 reliqua,
734 1987 812 2045 duro
832 1988 930 2065 magis
945 1997 977 2045 et
995 1987 1091 2046 arduo

142 2099 234 2159 opere
245 2082 285 2142 ob
296 2081 457 2160 ingenium
469 2081 584 2140 montis
596 2092 627 2140 et
638 2083 841 2160 pervicaciam
853 2084 1091 2161 superstitionis,

143 2197 232 2256 quam
249 2197 310 2258 quo
325 2179 398 2238 satis
414 2178 526 2237 virium
542 2178 672 2237 obsessis
687 2178 727 2236 ad
743 2179 917 2238 tolerandas
933 2180 1093 2239 necessita·

142 2284 190 2335 tes
219 2266 399 2355 superesset.
446 2275 532 2348 Tres,
561 2284 597 2335 ut
632 2294 724 2353 snpra
758 2276 1006 2350 memoravimus,
1035 2275 1093 2354 ipsi
1130 2291 1145 2335 5

142 2372 336 2453 Vespasiano
363 2375 500 2455 legiones
529 2383 626 2444 erant,
649 2372 802 2431 exercitae
823 2373 924 2430 bello:
946 2383 1094 2450 quattuor

143 2467 306 2530 Mucianus
320 2470 481 2531 obtinebat
495 2470 526 2530 in
542 2489 627 2548 pace,
643 2469 695 2527 sed
720 2469 886 2527 aemulatio
907 2479 939 2527 et
960 2468 1092 2547 proximi

142 2569 295 2628 exercitus
315 2568 414 2647 gloria
433 2569 594 2648 depulerat
615 2566 787 2645 segnitiam,
803 2576 1012 2644 quantumque
1033 2564 1092 2623 illis

142 2665 259 2724 roboris
279 2665 459 2725 discrimina
479 2677 511 2726 et
533 2665 628 2738 labor,
651 2673 774 2724 tantum
802 2663 850 2722 his
872 2663 987 2741 vigoris
1009 2663 1093 2721 addi·

142 2759 232 2821 derat
258 2761 381 2839 integra
402 2762 489 2841 quies
517 2771 549 2822 et
576 2761 731 2839 inexperti
756 2760 830 2819 belli
855 2779 955 2818 amor:
980 2760 1145 2819 auxiliata

143 2857 265 2936 utrique
286 2857 459 2918 cohortium
481 2861 660 2938 alarumque
685 2868 718 2917 et
741 2857 853 2918 classes
881 2877 1029 2936 regesque
1057 2876 1092 2916 ao

142 2971 254 3012 nomen
270 2952 384 3031 dispari
398 2954 483 3015 fama
496 2957 625 3015 celebre.

150 3108 154 3114 ,
184 3047 210 3105 5.
238 3048 449 3126 Vespasianus
469 3071 539 3111 acer
558 3050 688 3111 militiae
709 3051 827 3111 anteire
849 3069 968 3130 agmen,
988 3051 1092 3109 locum

143 3144 250 3204 castris
265 3163 383 3223 capere,
397 3155 492 3207 noctu
505 3148 621 3228 diuque
636 3147 764 3208 oonsilio
780 3167 824 3221 ao,
841 3147 866 3207 si
881 3168 929 3206 res
943 3156 1091 3226 posceret,

142 3259 237 3301 manu
258 3239 399 3301 hostibus
422 3243 531 3318 obniti,
553 3245 623 3304 cibo
644 3243 784 3316 fortuito,
809 3253 896 3304 veste
921 3244 1091 3322 habituque

143 3336 197 3396 vix
218 3357 236 3398 a
255 3337 398 3418 gregario
418 3339 515 3400 milite
537 3341 733 3420 discrepans3
760 3360 894 3419 prorsus,
916 3340 941 3400 si
962 3338 1093 3399 avaritia

143 3433 273 3510 abesset,
288 3433 427 3514 antiquis-
441 3435 570 3498 ducibus
590 3455 656 3517 par.
696 3436 877 3497 Mucianum
898 3455 914 3496 e
936 3435 1090 3497 contrario
1128 3448 1144 3494 a
