2580 3944
137 163 180 228 52
422 176 619 226 monum
647 179 863 228 sacremus.

190 334 392 396 subsidiariae
412 335 556 395 cohortes
580 346 613 394 et
636 335 824 414 fugientium
847 337 969 416 agmine
992 337 1145 419 impulsae

189 445 339 496 auxerant
354 432 653 506 consternationem
666 434 980 512 trudebanturque-in
997 439 1145 516 paludem

189 553 316 612 gnaram
330 531 536 602 vincentibus,
551 531 688 609 iniquam
709 533 827 603 nesciis,
843 533 874 590 ni
890 532 1002 592 Caesar
1015 537 1147 614 produc-

137 646 166 691 lc
186 643 235 690 tas
255 632 392 710 legiones
413 630 628 688 instruxisset:
649 630 721 689 inde
743 631 884 691 hostibus
908 647 1015 706 terror,
1030 634 1146 693 fiducia

193 724 303 798 militi3
317 735 349 783 ct
363 724 505 784 manibus
519 726 624 803 aequis
639 726 822 784 abscessum.
856 725 942 797 Mox,
957 728 1088 786 reducto
1103 729 1145 786 ad

194 820 347 880 Amisiam
361 821 509 893 exercitu,
524 822 660 900 legiones
673 822 779 894 classe,
794 833 829 881 ut
850 824 1026 896 advexerat,
1041 844 1146 904 repor-

195 928 261 990 tat3
281 936 352 997 pars
366 917 506 996 equitum
520 918 610 978 litore
625 918 742 978 Oceani
758 930 864 998 petere
879 920 1025 979 Rhenum
1039 920 1147 999 jussa3

196 1015 340 1086 Caecina,
361 1014 414 1094 qui
441 1034 530 1096 suurn
554 1015 685 1073 militem
710 1016 854 1090 ducebat,
875 1017 1021 1090 monitus,
1042 1038 1147 1095 quam-

142 1126 173 1171 15
194 1131 287 1190 quam
302 1110 384 1170 notis
397 1110 559 1170 itineribus
570 1112 796 1190 regrederetur,
805 1127 917 1192 pontes
931 1115 1040 1194 longos
1052 1134 1146 1192 qnam

195 1209 375 1267 maturrime
394 1227 548 1286 superare.
588 1210 751 1289 Angustus
769 1211 796 1269 is
811 1221 925 1270 trames
938 1223 1042 1270 rastas
1062 1210 1147 1270 inter

195 1305 334 1384 paludes,
349 1314 381 1364 et
402 1304 558 1383 quondam
579 1305 653 1366 aL.
674 1306 816 1367 Domitio
837 1319 1019 1387 aggeratus;
1040 1317 1146 1367 cetera

196 1401 314 1473 limosa,
328 1400 451 1461 tenacia
464 1402 554 1480 graui
569 1422 666 1462 caeno
680 1416 735 1464 aut
748 1405 822 1463 rivis
835 1405 955 1464 incerta
968 1415 1075 1477 erant3
1089 1404 1147 1463 cir·

197 1517 268 1556 curn
290 1497 387 1556 siluae
408 1498 560 1576 paulatim
581 1500 722 1572 acclives,
737 1521 814 1579 quas
835 1512 902 1560 tum
917 1500 1077 1560 Arminius
1090 1500 1147 1559 inr-

142 1608 173 1652 ao
193 1594 303 1672 plerit,
327 1595 520 1672 compendiis
547 1596 667 1656 viarum
694 1609 727 1657 et
755 1598 818 1658 cito
846 1598 969 1677 agmine
997 1610 1145 1658 onustum

196 1691 324 1750 sarcinis
338 1693 491 1772 annisque
504 1695 636 1755 militem
649 1715 719 1755 curu
735 1695 951 1756 antevenisset
993 1695 1145 1755 Caecinae

196 1787 362 1860 dubitanti,
383 1810 517 1869 quonam
538 1792 632 1851 modo
655 1803 763 1870 ruptos
784 1802 942 1851 vetustate
965 1802 1076 1870 pontes
1100 1811 1147 1850 re-

196 1894 326 1961 poneret
340 1884 493 1966 simulqne
507 1888 701 1968 propulsaret
715 1889 846 1959 hostem,
860 1898 961 1947 castra
980 1886 1090 1946 metari
1111 1887 1145 1946 in

197 1986 265 2045 loco
280 1986 409 2065 placuit,
425 1997 460 2045 ut
473 2004 551 2063 opus
565 1994 598 2043 et
612 1984 663 2042 alii
678 1984 829 2063 proelium
845 1984 1025 2062 inciperent

237 2084 287 2142 64.
327 2082 468 2154 Barbari,
499 2081 690 2160 perfringere
721 2081 870 2140 stationes
904 2100 997 2160 seque
1031 2080 1145 2139 inferre

196 2179 402 2239 munitoribus
430 2178 498 2251 nisi,
526 2179 689 2250 lacessunt,
710 2177 1019 2256 circumgrediuntur,
1040 2195 1146 2235 occur-

196 2286 284 2336 sant:
305 2276 453 2335 miscetur
469 2274 664 2354 operantium
678 2274 921 2354 bellantiumque
936 2274 1061 2332 clamor.
1104 2273 1147 2332 Et

196 2387 310 2436 cuncta
336 2376 454 2455 pariter
475 2375 626 2435 Romanis
654 2375 794 2447 adversa,
821 2374 907 2434 locus
934 2373 1051 2452 uligine
1078 2393 1147 2452 pro

197 2472 303 2546 funda,
317 2472 401 2531 idem
415 2472 455 2530 ad
469 2473 600 2552 gadum
620 2471 781 2543 instabilis,
796 2470 1035 2550 procedentibus
1054 2470 1147 2528 lubri-

196 2589 260 2641 cus,
284 2588 415 2647 corpora
438 2569 545 2647 gravia
569 2568 690 2641 loricis;
717 2587 817 2646 neque
841 2567 953 2626 librare
977 2566 1040 2645 pila
1063 2565 1148 2625 inter

196 2664 297 2723 undas
309 2676 465 2742 poterant.
507 2664 625 2723 Contra
640 2663 805 2724 Cheruscis
818 2675 906 2722 sueta
920 2662 1002 2741 apud
1016 2662 1147 2741 paludes

196 2759 322 2838 proelia,
343 2779 471 2838 procera
494 2760 641 2833 membra,
663 2760 770 2820 hastae
794 2760 936 2839 ingentes
957 2759 996 2817 ad
1018 2759 1149 2818 vulnera

196 2854 338 2915 facienda
352 2855 491 2935 quamvis
505 2855 620 2933 procul.
661 2855 735 2916 Nox
750 2856 875 2916 demum
889 2855 1068 2915 inclinantis
1080 2855 1147 2934 jam

145 2966 174 3012 10
195 2952 332 3031 legiones
352 2952 501 3010 adversae
520 2971 643 3031 pugnae
668 2953 793 3012 exemit
835 2952 982 3012 Germani
1003 2952 1045 3012 ob
1064 2971 1150 3030 pros·

197 3067 272 3127 pera
284 3047 440 3118 indefessi,
454 3067 493 3106 ne
508 3057 575 3107 tum
591 3048 717 3127 quidem
732 3060 856 3128 sumpta
869 3049 983 3128 quiete,
995 3058 1149 3128 quantum

198 3164 346 3223 aquarum
370 3145 486 3204 circum
511 3146 707 3224 surgentibus
731 3147 815 3226 jugis
843 3146 943 3206 oritur
966 3158 1090 3205 vertere
1113 3144 1148 3205 in

198 3242 350 3321 subjecta,
376 3261 536 3321 mersaque
563 3243 658 3301 humo
685 3253 718 3301 et
744 3244 857 3302 obruto
884 3244 969 3322 quod
998 3243 1149 3302 effectum

198 3338 300 3417 operis
327 3338 502 3416 duplicatus
528 3338 621 3398 militi
653 3339 750 3398 labor.
800 3339 1081 3419 Quadragesimnm
1113 3336 1150 3398 id

146 3451 177 3495 15
198 3435 387 3515 stipendium
403 3434 537 3495 Caecina
555 3435 684 3514 parendi
707 3450 761 3496 aut
781 3436 980 3516 imperitandi
1000 3435 1148 3508 habebat,
