2580 3944
143 153 186 216 62
469 165 666 215 mosam
687 164 903 214 asennaa,
930 243 933 247 ·

237 328 285 385 22.
320 324 469 384 Laudatis
490 345 547 404 pro
568 324 716 384 concione
736 323 916 396 victoribus,
936 321 1054 383 Caesar
1080 344 1151 384 oon-

196 425 311 503 gen'em
327 443 482 481 annorum
496 422 618 493 stmxit,
629 420 764 499 superbo
777 440 848 479 cum
862 419 971 479 titulo:
984 420 1151 480 debellatis

196 522 278 579 inter
293 520 437 579 Rhenum
452 519 621 596 Albimque
642 516 819 576 nationibus
838 517 1011 576 exercitum
1028 516 1151 576 Tiberii

197 616 336 675 Caesaris
351 635 389 674 ea
408 613 601 672 monimenta
614 611 710 670 Marti
731 622 763 670 et
775 610 851 671 Jori
870 621 904 670 et
917 612 1066 689 Angusto
1086 632 1152 671 sac„

196 713 322 771 rarisse.
363 712 412 770 De
434 731 466 769 se
488 710 566 767 nihil
587 708 720 780 addidit,
734 719 821 766 metu
841 707 979 765 insidiae
1000 726 1040 765 au
1063 721 1150 768 ratus

197 809 417 868 conscientiam
438 807 511 865 facti
532 804 608 864 satis
629 823 706 863 esse.
747 802 824 862 lllox
843 802 960 862 bellum
980 803 1013 860 in
1034 803 1151 882 Angri-

197 906 298 964 varios
311 905 462 964 Stertinio
476 903 615 974 mandat,
625 901 659 960 ni
673 900 866 960 deditionem
879 899 1149 978 properavisseut:

195 1014 288 1079 atque
315 1001 361 1060 illi
388 1001 543 1080 supplices
567 999 644 1058 nihil
670 996 835 1056 abnuendo
860 995 984 1054 veniam
1008 996 1150 1056 omnium

196 1117 351 1176 accepere.

237 1197 285 1254 23.
321 1195 383 1254 Sed
405 1206 523 1255 aestate
542 1198 608 1275 jam
628 1195 737 1254 adulta
757 1192 915 1271 legionum
935 1194 1014 1254 aliae
1033 1195 1149 1256 itinere

195 1292 335 1351 terrestri
357 1292 387 1350 in
407 1292 606 1351 hibernacula
620 1293 782 1363 remissae3
803 1289 908 1368 plures
922 1291 1037 1350 Caesar
1057 1293 1149 1352 classi

195 1388 355 1466 impositas
382 1409 438 1467 per
460 1389 574 1449 flumen
599 1390 751 1448 Amisiam
775 1386 901 1446 Ooeauo
924 1385 1057 1474 invexit.
1098 1390 1149 1450 Ao

195 1487 295 1564 primo
306 1486 462 1563 placidum
477 1506 592 1565 aequor
605 1487 677 1545 mile
692 1485 818 1545 navium
832 1482 926 1542 remis
939 1494 1079 1562 strepere
1094 1500 1149 1546 aut

195 1583 272 1641 velis
292 1583 427 1661 impelli:
451 1604 524 1642 mox
545 1595 612 1643 atro
635 1584 763 1642 nubium
781 1582 875 1661 globo
895 1579 996 1639 effusa
1014 1583 1148 1660 grando,

195 1679 398 1738 simulandis
419 1680 555 1758 undique
575 1681 718 1758 procellis
738 1678 849 1738 incerti
869 1677 983 1736 fluctus
1002 1696 1149 1756 prospec-

196 1786 263 1833 tum
285 1776 431 1848 adimere,
446 1777 583 1855 regimen
598 1777 771 1855 impedire3
792 1763 941 1856 milesque
963 1779 1100 1857 pavidus
1113 1792 1149 1841 et

195 1892 318 1930 casuum
334 1873 427 1930 maris
441 1873 567 1951 ignarus
580 1873 656 1932 dum
670 1875 777 1933 turbat
790 1884 901 1934 nautas
915 1876 966 1933 vel
980 1875 1149 1958 intempes-

194 1968 258 2025 tive
282 1969 383 2045 juvat,
412 1969 511 2028 officia
538 1971 738 2048 prudentium
766 1975 993 2054 corrumpebat.
1041 1977 1148 2037 Omne

141 2078 172 2122 lo
193 2064 306 2123 dehinc
330 2067 446 2124 caelum
469 2077 501 2125 et
525 2087 609 2125 rnare
634 2088 725 2127 omne
750 2069 782 2128 in
805 2082 944 2132 austrum
965 2074 1071 2147 cessit,
1092 2075 1148 2154 qni

193 2161 328 2220 humidis
344 2161 526 2221 Gennaniae
542 2163 642 2236 terris,
654 2165 817 2242 profundis
831 2170 982 2243 amnibus,
992 2172 1147 2232 immenso

194 2258 322 2316 nubium
348 2270 449 2317 tractu
470 2260 600 2333 validus,
626 2272 659 2320 et
680 2263 782 2341 rigore
807 2266 901 2326 vicini
924 2269 1147 2346 septentrionis

193 2355 357 2427 horridior,
370 2357 472 2435 rapuit
487 2357 668 2437 disjecitque
685 2380 779 2420 naves
794 2362 824 2422 in
840 2376 949 2442 aperta
957 2363 1077 2424 Oceani
1091 2377 1148 2426 aut

192 2452 307 2511 insulas
335 2453 416 2512 saris
438 2455 576 2532 abruptis
597 2456 647 2514 rel
672 2477 728 2535 per
751 2460 874 2518 occulta
894 2461 977 2519 vada
1002 2460 1145 2522 infestas.

141 2563 171 2607 15
194 2549 314 2620 Quibus
341 2552 467 2627 paulum
495 2571 646 2630 aegreque
669 2555 787 2627 vitatis,
810 2567 975 2635 postquam
1000 2559 1148 2620 mutabat

193 2656 296 2705 aestus
320 2647 490 2725 eodemque
514 2669 574 2727 quo
597 2661 710 2709 ventus
731 2651 861 2724 ferebat,
886 2672 947 2711 non
974 2653 1148 2715 adhaerere

192 2743 323 2814 ancoriS,
351 2764 412 2802 uon
440 2746 602 2805 exhaurire
630 2748 831 2826 irrumpentis
865 2749 964 2808 undas
981 2761 1150 2827 poterant:

193 2839 273 2916 eqni,
283 2840 434 2918 jumenta,
446 2843 592 2916 sarcinae,
604 2844 698 2902 etiam
713 2864 800 2902 arma
814 2845 1070 2924 praecipitantur,
1083 2869 1149 2928 quo

193 2936 370 2994 levarentur
383 2937 476 3011 alvei,
492 2952 654 3000 manantes
675 2960 731 3018 per
752 2942 849 3000 latera
870 2955 903 3000 et
922 2942 1021 3001 fluctu
1041 2963 1150 3024 super·

139 3045 170 3090 20
194 3042 335 3108 urgente.

233 3129 280 3185 24.
317 3128 442 3200 Quanto
462 3132 629 3190 violentior
649 3144 753 3191 cetero
774 3134 851 3191 mari
865 3133 1009 3193 Ooeanus
1028 3143 1064 3194 et
1084 3147 1150 3198 tru-

193 3225 329 3284 culentia
354 3228 432 3286 caeli
455 3240 592 3307 praestat
614 3229 788 3301 Germania,
809 3240 932 3290 tantum
959 3229 1015 3289 illa
1041 3231 1150 3294 clades

192 3322 333 3381 novitate
362 3336 394 3383 et
421 3325 634 3403 magnitudine
666 3326 808 3401 excessit,
835 3326 999 3385 hostilibus
1027 3327 1151 3390 circum

192 3422 343 3494 litoribus,
359 3433 413 3480 aut
428 3422 472 3480 ita
485 3434 575 3480 vasto
593 3433 625 3480 et
641 3422 808 3500 profundo,
822 3433 858 3481 ut
879 3423 1025 3484 credatur
1043 3427 1152 3488 novis
