2580 3944
181 149 246 213 120
477 159 674 210 uacuam
690 160 910 210 rscmsns.

234 331 366 400 utraque
393 320 459 379 acie
486 337 581 392 arma,
607 319 724 396 crebris
750 317 1046 399 interrogationibus
1072 329 1193 384 notam

234 436 360 497 pugnae
382 417 515 495 signum,
534 415 690 495 permixta
709 416 834 489 vexilla
853 426 891 476 ut
914 415 1044 496 quisque
1071 418 1193 496 globus

234 524 326 592 capta
339 534 378 573 ex
393 513 533 572 hostibus
547 514 608 571 huc
621 512 672 570 rel
692 511 768 571 illuc
783 513 940 590 raptabat
978 511 1194 592 Urguebatur

180 627 211 671 ao
232 611 366 670 maxime
380 611 513 689 septima
526 609 617 686 legio,
627 628 726 686 nuper
739 628 759 666 a
768 608 869 667 Galba
881 610 1076 688 conscripta:
1089 613 1193 672 occisi

234 729 289 769 sex
310 709 479 788 primorum
498 706 644 764 ordinum
664 705 869 777 centuriones,
882 705 1012 783 abrepta
1031 708 1193 784 quaedam

234 806 341 884 signa:
357 804 456 883 ipsam
471 803 605 880 aquilam
618 801 736 860 Atilius
750 799 853 860 Verus
866 801 958 879 primi
971 801 1029 880 pili
1041 805 1191 865 centurio

234 903 333 961 multa
357 920 428 959 cum
452 900 589 958 hostium
612 911 717 976 strage
737 908 771 958 et
793 897 834 956 ad
857 908 1033 958 extremum
1050 900 1192 961 moriens

234 1006 423 1055 servaverat.

275 1093 324 1150 23.
353 1089 508 1150 Sustinuit
522 1089 678 1149 labentem
694 1089 792 1148 aciem
807 1088 965 1148 Antonius
978 1089 1085 1150 accitis
1098 1109 1192 1170 prae·

234 1188 381 1260 torianis3
407 1186 461 1266 qui
484 1185 537 1245 ubi
562 1206 712 1264 excepere
735 1205 884 1265 pugnam,
906 1187 1029 1265 pellunt
1050 1188 1190 1264 hostem,

235 1287 307 1345 dein
318 1286 482 1365 pelluntur.
506 1282 650 1361 Namque
658 1281 821 1342 Vitelliani
830 1282 1029 1343 tormentain
1039 1303 1191 1369 aggerem

234 1383 304 1442 viae
318 1381 525 1452 contulerant,
536 1389 572 1440 ut
586 1379 650 1438 tela
662 1398 761 1438 vacuo
775 1390 870 1458 atque
883 1390 993 1458 aperto
1005 1392 1191 1442 excuteren-

235 1490 297 1550 tur,
311 1479 449 1556 dispersa
461 1476 561 1555 primo
574 1485 608 1535 et
621 1475 755 1535 arbustis
768 1475 836 1534 sine
848 1476 984 1536 hostium
997 1495 1081 1536 noxa
1094 1478 1188 1540 illisa.

234 1574 453 1653 Magnitudine
467 1572 581 1631 eximia
593 1572 722 1650 quintae
739 1573 889 1631 decumae
909 1571 1041 1651 legionis
1061 1566 1190 1635 ballista

234 1670 414 1750 ingentibus
441 1669 523 1728 saxis
550 1669 694 1728 hostilem
721 1669 820 1728 aciem
846 1670 1032 1748 proruebat:
1060 1671 1189 1752 lateque

235 1769 354 1829 cladem
378 1766 542 1839 intulisset,
564 1765 597 1825 ui
621 1765 684 1825 duo
708 1765 823 1825 milites
845 1766 1040 1844 praeclarum
1065 1768 1190 1830 facintm

236 1869 312 1940 ausi,
333 1867 463 1947 arreptis
484 1886 502 1924 e
522 1877 626 1944 strage
647 1864 742 1924 scutis
762 1865 904 1946 ignorati,
917 1865 1020 1925 vincla
1039 1885 1076 1926 ac
1096 1867 1191 1928 libra·

182 1981 212 2026 ιο
233 1976 339 2025 menta
366 1975 524 2025 tonneuto
551 1962 762 2023 abscidissem
805 1962 920 2023 Statim
946 1963 1082 2024 confossi
1109 1976 1187 2026 sunt

236 2084 334 2144 eoque
354 2063 539 2123 intercidere
566 2062 712 2122 nomina:
739 2061 778 2121 de
799 2061 882 2122 facto
902 2062 987 2122 haud
1007 2062 1188 2142 ambigitur.

235 2160 359 2220 Neutro
379 2161 582 2219 inclinaverat
601 2159 737 2231 fortuna,
752 2157 852 2218 donec
871 2159 979 2218 adulta
998 2169 1090 2219 nome
1111 2160 1189 2220 luna

236 2278 364 2337 surgens
384 2258 586 2317 obstenderet
610 2256 691 2315 acies
710 2257 900 2334 falleretque.
943 2255 1006 2315 Sed
1027 2255 1190 2318 Flauianis

236 2356 362 2434 aequior
385 2374 403 2413 a
427 2365 533 2433 terg03
561 2354 633 2413 binc
656 2353 792 2431 majores
815 2371 964 2431 equorum
987 2352 1189 2430 virorumque

183 2464 214 2510 15
237 2452 372 2524 umbrae,
387 2462 419 2511 et
433 2451 519 2522 falso,
535 2461 570 2509 nt
583 2450 615 2509 in
630 2468 767 2526 corpora,
780 2449 846 2508 ictu
867 2449 931 2507 tela
949 2449 1086 2508 hostiam
1105 2448 1190 2510 citra

237 2548 407 2607 cadebant:
428 2546 591 2606 Vitelliani
612 2545 742 2604 adverso
762 2545 878 2604 lumine
895 2544 1084 2604 collucentes
1098 2545 1190 2607 velut

236 2663 275 2702 ex
289 2642 630 2720 oecultojaculantibus
644 2640 761 2701 incauti
774 2639 994 2700 offerebantur.

277 2741 324 2799 24.
352 2738 455 2818 Igitur
467 2739 625 2798 Antonius
639 2738 693 2796 ubi
706 2757 834 2797 noscere
847 2757 919 2797 suos
933 2738 1080 2816 noscique
1099 2747 1190 2816 pote-

236 2845 295 2906 rat,
316 2835 392 2894 alios
413 2835 531 2914 pudore
552 2845 585 2894 et
604 2834 734 2913 probris,
748 2834 863 2894 multos
883 2833 975 2893 laude
995 2844 1029 2894 et
1048 2834 1189 2910 hortatu,

236 2951 344 2990 omnes
358 2951 412 3008 spe
426 2931 643 3010 promissisque
658 2931 841 3002 accendens,
856 2949 912 2989 cnr
923 2949 1029 2989 mrsus
1043 2928 1190 3006 sumpsis-

235 3039 305 3086 sent
319 3045 413 3099 arma,
427 3026 622 3086 Pannonicas
635 3026 773 3108 legiones
786 3025 1019 3104 interrogabat:
1037 3025 1105 3083 illos
1118 3044 1189 3085 esse

181 3137 198 3182 t
235 3142 370 3202 campos,
381 3123 414 3182 in
429 3122 538 3202 quibus
550 3123 673 3182 abolere
687 3123 788 3182 labem
799 3122 909 3201 prioris
923 3119 1120 3200 ignominiae,
1130 3121 1190 3183 ubi

235 3219 407 3298 reciperare
420 3219 551 3298 gloriam
565 3228 700 3298 possent.
740 3217 822 3277 Tum
837 3217 877 3276 ad
892 3217 1045 3276 Moesicos
1059 3236 1190 3277 conver-

145 3389 150 3394 γ
235 3336 287 3376 sus
301 3316 454 3395 principes
468 3327 670 3394 auctoresque
684 3316 757 3374 belli
777 3315 898 3374 ciebat:
917 3313 1034 3373 frustra
1047 3313 1139 3371 minis
1153 3327 1190 3375 et

236 3416 337 3476 verbis
347 3424 531 3496 provocatos
542 3414 737 3485 Vitellianos,
744 3414 771 3472 si
781 3433 890 3472 manus
900 3431 1009 3473 eorum
1018 3410 1188 3491 oculosque
