2580 3944
339 204 600 258 rrrsromaanu
620 206 732 255 amaa
755 205 959 257 succubus.
1016 283 1017 286 Ἴ
1108 191 1150 258 96

147 364 233 446 apn'd
242 383 360 444 pancos
373 362 470 425 tacito
484 372 560 425 voto
574 363 712 444 quietem
732 383 789 444 pro
804 363 968 438 discordia,
982 364 1099 425 bonnm
1120 380 1150 425 1o

147 473 181 523 et
198 461 398 523 innocentem
411 459 583 539 principem
602 479 660 537 pro
680 460 821 539 pessimis
842 480 878 519 ac
898 460 1098 538 flagitiosissi-

146 558 205 621 mis
219 556 400 637 expetitum,
412 556 457 615 ita
470 575 571 634 neque
586 555 761 628 Paulinum,
771 576 832 635 qua
845 556 1012 635 prudentia
1026 557 1096 631 init,

146 665 294 734 sperasse
307 652 538 732 corruptissimo
567 652 690 712 saeculo
711 662 832 711 tantam
852 652 939 730 vulgi
959 653 1097 714 modera-

145 751 264 812 tionem
287 768 367 824 reor,
389 759 423 810 ut
446 749 500 828 qui
525 767 632 827 pacem
657 748 730 806 belli
754 768 858 807 amore
882 749 1095 825 turbaverant,

145 847 262 910 bellum
275 845 361 926 pacis
375 845 504 908 caritate
519 845 733 923 deponerent3
755 864 854 924 neque
870 856 924 904 aut
943 847 1097 909 exercitus
1118 862 1150 907 15

144 943 259 1023 lingula
269 942 465 1023 moribusque
475 941 615 1002 dissonos
625 941 658 1000 iu
670 941 753 1001 hunc
764 961 947 1001 consensum
957 941 1096 1020 potuisse

145 1039 326 1112 coalescere,
341 1051 395 1101 aut
408 1040 528 1118 legatos
543 1057 579 1099 ac
594 1037 697 1112 duces,
712 1057 825 1116 magna
839 1058 877 1097 ex
892 1051 980 1116 parto
995 1039 1095 1113 luxus,
1172 1052 1177 1075 ¹

145 1136 300 1215 egestatis,
315 1136 465 1197 scelerum
479 1135 538 1194 sibi
552 1135 701 1208 conscios,
716 1135 776 1194 nisi
794 1135 949 1212 pollutum
970 1135 1096 1196 obstric-

144 1241 274 1312 tumque
288 1233 406 1294 meritis
420 1233 483 1293 suis
498 1233 669 1311 principem
682 1253 833 1311 passuros.

147 1358 153 1390 ;
172 1329 234 1391 88.
262 1328 363 1391 Vetus
374 1350 410 1390 ac
419 1330 487 1409 jam
498 1329 619 1407 pridem
633 1329 727 1389 insita
742 1330 923 1390 mortalibus
937 1331 1095 1408 potentiae

145 1425 259 1505 cupido
279 1446 350 1487 cum
370 1425 493 1505 imperii
517 1425 733 1504 magnitudine
754 1426 892 1486 adolevit
914 1426 1095 1505 erupitque;

144 1542 218 1585 nam
237 1523 328 1584 rebus
348 1523 479 1584 modicis
500 1522 670 1603 aequalitas
694 1522 786 1583 facile
808 1524 989 1584 habebatur.
1032 1525 1096 1585 Sed

144 1619 199 1680 ubi
212 1620 339 1680 subacto
354 1622 429 1685 orbe
450 1630 483 1680 ct
504 1620 632 1680 aemulis
653 1619 780 1681 urbibus
801 1620 963 1700 regibusve
984 1621 1095 1682 excisis

144 1734 266 1777 securas
292 1737 367 1797 opes
395 1717 611 1796 concupiscere
633 1736 768 1778 vacuum
794 1718 863 1791 fuit,
887 1718 986 1797 prima
1013 1718 1096 1778 inter
1132 1732 1148 1779 e

144 1822 248 1892 patres
262 1814 443 1894 plebemque
458 1815 628 1874 certamina
641 1834 799 1874 exarsere:
815 1816 908 1875 modo
924 1815 1095 1877 turbulenti

143 1909 270 1984 tribuni,
291 1913 385 1972 modo
406 1911 549 1970 consules
570 1912 749 1991 praevalidi,
765 1925 798 1972 et
818 1913 850 1972 in
872 1915 948 1974 urbe
970 1934 1006 1974 ae
1026 1914 1094 1974 foro
1143 1946 1146 1955 .

143 2015 337 2068 tentamenta
350 2007 489 2068 civilium
504 2008 673 2082 bellorum;
695 2028 768 2069 mox
791 2029 808 2068 e
829 2010 919 2088 plebe
940 2011 1045 2071 infima
1059 2011 1094 2070 Ο.

143 2100 260 2164 Marius
277 2113 310 2164 et
330 2103 481 2164 nobilium
502 2104 698 2164 saevissimus
713 2104 747 2164 L.
764 2105 850 2164 Sulla
865 2107 980 2167 vietam
1002 2109 1094 2168 armis

143 2199 319 2261 libertatem
332 2201 365 2260 in
381 2200 626 2259 dominationem
642 2211 811 2261 verterunt.
852 2201 930 2263 Post
944 2224 1021 2283 quos
1036 2206 1094 2267 (ln.
1117 2219 1147 2265 1⁰

143 2294 311 2374 Pompeius
333 2295 493 2368 occultior,
515 2315 577 2355 non
598 2296 727 2355 melior:
755 2307 787 2356 et
808 2318 965 2377 nunquam
985 2311 1095 2380 postea
1210 2293 1212 2298 ⁵

142 2391 202 2451 nisi
216 2392 256 2451 de
270 2391 447 2471 principatu
462 2392 644 2469 quaesitum.
676 2392 748 2453 Non
764 2393 930 2458 discessere
946 2400 985 2458 ab
999 2399 1094 2460 armis

141 2487 174 2549 iu
189 2488 348 2548 Pharsalia
362 2508 398 2549 ac
412 2488 567 2568 Philippis
581 2488 697 2553 civium
712 2490 858 2570 legiones,
870 2494 986 2554 nedum
998 2495 1095 2555 Otho·

142 2584 190 2644 nis
205 2603 241 2644 ac
255 2584 378 2644 Vitellii
391 2585 545 2647 exercitus
560 2596 670 2664 sponte
685 2588 815 2666 posituri
831 2591 944 2651 bollum
959 2591 1093 2653 fuerint:

142 2681 252 2740 eadem
268 2681 326 2741 ilos
344 2682 438 2742 deum
451 2682 514 2757 ira,
529 2685 639 2744 eadem
660 2686 820 2747 hominum
841 2688 950 2762 rabies,
965 2689 1091 2757 eaedem
1115 2704 1145 2749 ro

142 2776 291 2836 scelerum
312 2796 421 2839 causae
440 2779 474 2839 in
495 2779 683 2841 discordiam
704 2802 806 2863 egere.
849 2784 942 2856 Quod
963 2785 1092 2864 singulis

142 2871 230 2931 velut
250 2871 362 2932 ictibus
382 2883 539 2935 transacta
560 2888 633 2938 sunt
653 2879 743 2954 bella,
764 2880 890 2960 ignavia
917 2881 1093 2961 principum

142 2965 259 3024 factum
286 2975 343 3026 est.
393 2968 456 3029 Sed
484 2991 534 3030 me
562 2982 703 3033 veterum
730 2995 943 3055 novorumque
971 2998 1092 3037 morum

142 3059 298 3138 reputatio
332 3060 454 3142 longius
488 3065 583 3126 tulit:
620 3088 703 3130 nune
737 3071 778 3130 ad
811 3091 915 3131 rerum
949 3073 1092 3134 ordinem

142 3165 289 3216 revertar.
1114 3183 1146 3230 2⁰

183 3253 230 3312 39.
259 3253 408 3316 Profecto
423 3256 595 3319 Brixellum
610 3259 735 3322 Othone
749 3263 850 3323 honor
862 3262 982 3342 imperii
996 3285 1090 3345 penes

142 3350 303 3414 Titianum
317 3353 453 3431 fratrem,
462 3357 513 3433 vis
522 3376 558 3417 ac
568 3369 706 3438 potestas
720 3379 815 3439 penes
826 3360 994 3421 Proculum
1009 3382 1093 3441 prae-

140 3449 257 3511 fectum
269 3471 278 3527 3
312 3451 419 3513 (lelsus
446 3464 479 3517 et
507 3454 665 3532 Paulinus,
693 3477 763 3518 eum
790 3457 957 3539 prudentia
984 3479 1092 3520 eorum
