2580 3944
138 144 183 208 46
464 158 661 206 manners
682 158 895 206 asenneus.

141 330 172 374 1⁰
192 314 233 374 ad
251 315 504 394 superstitionem
523 316 682 394 perculsae
701 316 796 374 semel
817 328 948 386 mentes,
962 316 1021 375 sibi
1043 329 1143 376 aeter·

192 433 267 471 num
288 414 425 471 laborem
445 414 601 490 portendi,
615 432 671 471 sua
690 412 829 470 iaciuora
850 413 985 471 aversan
1006 414 1081 473 deos
1102 416 1144 472 la-

192 521 383 568 mentantur.
424 509 586 569 Utendum
600 508 802 566 inclinatione
821 528 857 566 ea
873 509 995 581 Caesar,
1010 522 1041 569 et
1062 531 1142 589 quae

193 624 282 664 casus
294 606 448 664 obtulerat
463 606 495 663 in
510 605 693 682 sapientiam
709 605 861 663 vertenda
875 619 971 676 ratus,
985 607 1141 665 circumiri

193 701 327 760 tentoria
339 702 445 781 jubet:
459 702 578 760 accitur
592 701 733 759 centurio
744 701 897 772 Clemens,
909 715 940 760 et
952 703 978 761 si
989 702 1040 760 alii
1051 703 1142 762 bonis

139 812 171 856 15
191 797 310 856 artibus
319 799 401 875 grati
415 798 446 855 in
458 798 578 875 tulgus.
614 796 642 854 Ii
654 797 779 874 vigiliis,
789 797 983 870 stationibus,
993 799 1142 858 custodiis

192 906 352 972 portarum
365 914 398 952 se
411 894 562 964 inserunt,
573 914 659 971 spem
673 893 820 965 offerunt,
831 908 948 953 metum
963 896 1141 955 intendunt.

192 989 378 1068 ‘Quousque
391 990 487 1048 filium
503 990 699 1068 imperatoris
712 991 942 1050 obsidebimus?
962 993 1031 1071 quis
1044 1004 1143 1051 certa-

191 1086 311 1144 minum
331 1085 424 1143 finis?
447 1084 661 1144 Percennione
682 1097 714 1144 et
734 1086 893 1145 Vibuleno
913 1101 1141 1147 sacramentum

191 1181 309 1241 dicturi
317 1183 443 1240 sumus?
471 1180 661 1240 Percennius
670 1193 702 1240 et
712 1182 886 1241 Vibulenus
896 1183 1053 1261 stipendia
1063 1184 1142 1243 mili-

138 1293 171 1338 2⁰
191 1279 286 1350 tibus,
293 1297 384 1356 agros
391 1278 529 1336 emeritis
536 1279 729 1357 largientur?
747 1279 881 1359 denique
892 1299 950 1358 pro
960 1280 1141 1340 Neronibus

191 1388 224 1434 et
235 1373 347 1434 Drusis
360 1374 527 1454 imperium
537 1376 645 1454 populi
659 1375 793 1434 Romani
805 1378 989 1453 capessent?
1001 1377 1075 1455 quin
1088 1397 1142 1455 po

191 1471 265 1543 tius,
278 1482 314 1530 ut
328 1472 488 1531 novissimi
502 1472 534 1531 in
548 1472 683 1550 culpam,
696 1472 741 1531 ita
754 1471 847 1551 primi
861 1473 901 1531 ad
915 1474 1140 1552 paenitentiam

191 1570 320 1630 sumus?
360 1569 465 1628 Tarda
478 1580 550 1628 sunt
566 1570 689 1648 quaein
705 1589 868 1628 commune.
884 1571 1140 1648 expostulantur:

192 1667 598 1745 privatamgratiamstatim
606 1665 866 1735 mereare,statim
875 1665 1025 1744 recipias’
1050 1667 1141 1726 Com-

138 1776 171 1822 25
191 1763 286 1822 motis
298 1782 356 1841 per
367 1763 444 1821 haec
458 1761 615 1820 mentibus
624 1772 657 1819 et
667 1760 751 1819 inter
760 1780 793 1819 se
803 1762 966 1839 suspectis,
975 1762 1111 1820 tironem
1121 1782 1141 1820 a

191 1868 352 1929 veterano,
364 1857 520 1934 legionem
536 1876 556 1914 a
574 1856 696 1934 legione
716 1856 893 1914 dissociant
935 1855 1016 1914 Tum
1036 1853 1140 1914 redire.

191 1952 342 2033 paulatim
357 1971 443 2010 amor
456 1950 610 2029 obsequii:
631 1950 782 2009 omittunt
802 1964 919 2029 portas,
932 1950 1030 2028 signa,
1044 1970 1140 2008 unum

190 2049 225 2110 in
239 2050 341 2109 locum
355 2048 508 2128 principio
522 2047 684 2107 seditionis
698 2060 896 2127 congregata,
910 2066 980 2107 suas
997 2046 1031 2105 iu
1048 2046 1141 2106 sedes

190 2148 340 2208 referunt.

231 2247 281 2305 29.
321 2245 451 2316 Drusus,
464 2253 535 2303 orto
548 2242 600 2302 die
618 2251 650 2302 et
664 2251 776 2302 vocata
790 2239 949 2312 concione,
964 2259 1141 2320 quanquam

190 2342 278 2402 rudis
291 2341 426 2413 dicendi,
436 2340 599 2400 nobilitate
612 2338 752 2418 ingenita
765 2339 885 2397 incusat
901 2338 1014 2416 priora,
1027 2339 1140 2416 probat

191 2439 382 2519 praesentia;
401 2450 495 2517 negat
515 2457 548 2496 se
566 2448 685 2496 terrore
706 2447 738 2494 et
759 2435 851 2493 minis
867 2434 968 2493 vinci:
988 2435 1085 2494 flexos
1098 2435 1140 2493 ad

190 2536 375 2594 modestiam
395 2535 422 2594 si
442 2535 558 2605 rideat,
579 2534 605 2592 si
633 2532 787 2610 supplices
815 2531 931 2603 audiat,
951 2531 1141 2610 scripturum

189 2632 274 2711 patri
287 2641 321 2690 ut
335 2632 475 2709 placatus
488 2631 646 2708 legionum
656 2649 764 2708 preces
777 2628 942 2706 exciperet.
971 2627 1141 2688 Orantibus

190 2748 312 2787 rursum
324 2727 409 2785 idem
424 2727 552 2784 Blaesus
565 2738 598 2785 et
613 2725 649 2784 L.
663 2725 831 2804 Apronius,
842 2744 936 2803 eques
947 2723 1108 2783 Romanus
1121 2745 1141 2784 e

191 2825 320 2884 cohorte
337 2823 442 2894 Dmsi,
456 2823 626 2901 Justusque
648 2823 807 2893 Catonius,
821 2821 913 2899 primi
934 2819 1052 2879 ordinis
1071 2839 1142 2879 cen-

190 2920 284 2990 turio,
297 2919 337 2977 ad
351 2919 510 2977 Tiberium
524 2920 702 2978 mittuntur.
743 2919 904 2978 Certatum
926 2917 999 2975 inde
1019 2926 1142 2976 senten-

190 3016 254 3087 tiis,
262 3036 332 3074 cum
341 3015 394 3074 alii
403 3015 610 3094 opperiendos
623 3016 744 3094 legatos
754 3028 847 3094 atque
858 3013 983 3072 interim
992 3012 1141 3073 comitate

138 3129 170 3174 lt)
189 3112 444 3192 permulcendum
457 3113 588 3170 militem
599 3125 771 3183 censerent,
781 3112 834 3169 alii
848 3109 1031 3169 fortioribus
1044 3129 1141 3168 reme-

191 3209 252 3267 diis
279 3209 449 3286 agendum:
475 3208 553 3266 nihil
578 3209 609 3266 in
635 3209 729 3286 vulgo
757 3208 931 3279 modicum;
958 3218 1085 3277 terrere,
1105 3206 1141 3265 ni

190 3316 346 3385 paveaut3
373 3304 426 3362 ubi
453 3304 679 3382 pertimuerint,
707 3305 832 3382 impune
860 3303 1035 3362 contemni:
1062 3303 1140 3360 dum

190 3400 369 3481 superstitio
384 3412 504 3479 urgeat,
518 3399 711 3479 adjiciendos
731 3421 771 3460 ex
791 3401 870 3459 duce
884 3411 996 3472 metus,
1009 3398 1140 3458 sublatis
