2580 3944
158 156 199 222 98
446 169 643 219 menam
662 169 877 221 ranmrana.

210 330 344 391 Othonis
364 328 463 408 prima
482 327 646 409 Adjutrix,
667 348 729 388 non
751 337 825 388 ante
843 329 876 388 in
898 327 996 389 aciem
1016 329 1162 403 deducta,

156 442 171 487 t
208 428 262 488 sed
277 429 362 487 ferox
378 438 410 486 et
425 427 498 487 novi
513 425 633 485 decoris
648 424 750 486 avida.
782 424 922 484 Primaui
936 425 1163 492 stratisunaet·

209 524 464 584 vicesinranorum
474 522 634 602 principiis
645 521 780 600 aquilam
791 522 964 596 abstulere3
977 541 1038 601 quo
1052 522 1161 582 dolore

209 640 338 681 accensa
351 621 431 699 legio
446 631 478 679 et
492 619 617 697 impulit
631 637 736 677 rursus
750 617 916 696 primanos,
926 618 1092 679 interfecte
1104 619 1162 678 Or·

209 717 283 776 fidio
305 717 447 796 Benigno
476 716 589 794 legato,
610 725 643 774 et
663 715 797 793 plurima
816 714 905 792 signa
925 714 1099 794 vexillaque
1120 735 1160 774 ex

205 814 347 874 hostibus
375 813 487 892 rapuit.
528 812 560 870 A
581 821 669 890 parte
691 811 751 870 alia
771 811 917 890 propulsa
937 809 1160 890 quintanorum

157 929 184 970 10
205 911 324 989 impetu
345 910 440 969 tertia
453 910 584 968 decuma
605 907 708 985 legio;
729 907 934 967 circumventi
953 906 1090 986 plurium
1112 926 1161 966 ac·

209 1027 300 1067 eursu
311 1005 593 1085 quartadecumani.
622 1003 665 1062 Et
675 1003 805 1063 ducibus
816 1002 949 1065 Othonis
963 1005 1028 1084 jam
1039 1003 1160 1082 pridem

208 1104 345 1183 profugis
367 1102 500 1162 Caecina
520 1120 556 1160 ac
578 1101 696 1162 Valens
716 1100 860 1160 subsidiis
885 1119 957 1160 suos
984 1099 1160 1160 firmabant.

209 1201 351 1260 Accessit
364 1218 471 1258 recens
490 1197 649 1272 auxilium,
664 1196 771 1257 Varus
781 1197 913 1256 Alfenus
934 1216 1004 1256 cum
1019 1195 1160 1270 Batavis,

208 1297 278 1357 fusa
304 1296 512 1376 gladiatorum
539 1314 644 1367 manu,
670 1312 763 1373 quam
790 1292 922 1353 navibus
949 1303 1161 1353 transvectam

157 1409 187 1454 15
209 1393 369 1473 oppositae
388 1391 582 1462 cohortesin
604 1390 671 1469 ipso
692 1389 820 1449 flumine
841 1388 1094 1451 trucidaverant:
1113 1388 1161 1450 ita

209 1491 343 1549 victores
357 1490 437 1547 latus
451 1487 587 1547 hostium
603 1487 727 1546 invecti.
1141 1555 1144 1559 Ἰ

248 1587 298 1646 44.
326 1586 369 1644 Et
380 1584 481 1644 media
493 1584 557 1643 acie
568 1594 718 1663 perrupta
731 1584 837 1663 fugere
852 1583 967 1664 passim
978 1583 1160 1659 Othoniani,

209 1682 395 1743 Bedriacum
406 1691 547 1760 petentes
559 1701 565 1739 :
579 1681 764 1740 immensum
778 1682 810 1740 id
825 1681 969 1760 spatium,
980 1682 1161 1743 obstructae

209 1791 312 1857 strage
327 1798 491 1857 corporum
501 1777 580 1850 viae,
592 1798 652 1857 quo
667 1779 737 1858 plus
751 1779 855 1838 caedis
869 1779 945 1854 fuit;
958 1799 1060 1859 neque
1075 1779 1161 1841 enim

209 1876 351 1934 civilibus
365 1875 454 1933 bellis
469 1874 553 1952 capti
567 1874 598 1932 in
614 1875 763 1954 praedam
778 1884 954 1937 vertuntur.
992 1877 1160 1938 Suetonius

156 1989 171 2032 t
209 1971 358 2031 Paulinus
372 1981 404 2029 et
419 1970 555 2030 Licinius
570 1970 721 2031 Proculus
735 1971 866 2033 diversis
880 1972 1043 2034 itineribus
1056 1985 1162 2035 castra

209 2069 356 2128 vitavere.
398 2067 537 2127 Vedium
557 2067 705 2145 Aquilam
726 2068 838 2128 tertiae
859 2069 1007 2131 decumae
1028 2071 1161 2150 legionis

209 2165 346 2243 legatum
361 2163 424 2222 irae
437 2163 571 2223 militum
584 2164 776 2225 inconsultus
792 2185 891 2245 pavor·
903 2167 1028 2228 obtulit.
1054 2167 1160 2229 Multo

209 2262 311 2322 adhuc
333 2261 383 2321 die
405 2260 521 2320 vallum
549 2260 705 2339 ingressus
730 2262 864 2324 clamore
886 2264 1104 2326 seditiosorum
1126 2275 1160 2326 et

208 2359 366 2438 fugacium
387 2357 671 2436 circumstrepitur;
695 2379 759 2419 non
779 2360 909 2439 probris,
930 2383 992 2422 non
1016 2363 1160 2424 manibus

155 2471 185 2516 10
207 2456 381 2528 abstineut3
403 2454 593 2514 desertorem
612 2455 867 2537 proditoremque
887 2459 1059 2539 increpant,
1073 2461 1160 2520 nullo

208 2552 334 2631 proprio
359 2551 487 2610 crimine
512 2552 586 2630 ejus,
608 2552 662 2611 sed
687 2573 773 2613 more
798 2555 885 2634 vulgi
913 2575 1003 2616 suurn
1030 2556 1160 2636 quisque

207 2648 360 2727 flagitium
382 2648 449 2707 aliis
471 2647 673 2726 objectantes.
714 2649 875 2711 Titianum
895 2662 929 2712 et
950 2653 1074 2712 Celsum
1095 2672 1160 2712 nox

207 2744 299 2824 juvit,
320 2744 478 2822 dispositis
498 2746 564 2823 jam
585 2745 721 2805 excubiis
743 2748 977 2828 conpressisque
999 2748 1159 2823 militibus,

208 2860 285 2919 quos
300 2841 422 2899 Annius
437 2841 544 2900 Gallus
565 2842 702 2913 consilio,
716 2844 866 2920 precibus,
881 2845 1066 2907 auctoritate
1086 2847 1160 2908 fleu„

155 2951 186 2997 15
207 2946 284 3009 erat,
306 2956 345 2996 ne
367 2957 458 3015 super
482 2937 603 2997 cladem
628 2938 776 3000 adversae
799 2960 921 3020 pugnae
945 2941 1075 3004 suismet
1098 2942 1158 3022 ipsi

208 3034 354 3092 caedibus
368 3033 544 3094 saevirent:
564 3035 630 3094 sive
651 3035 722 3095 finis
742 3037 824 3096 bello
845 3037 982 3100 venisset
1002 3058 1057 3100 seu
1076 3058 1160 3100 reau-

207 3150 292 3189 mere
304 3149 389 3189 arma
400 3131 537 3204 mallent,
550 3131 674 3191 unicum
685 3133 777 3193 victis
791 3133 823 3192 in
839 3153 990 3196 consensu
1003 3135 1159 3195 levamen»

206 3236 284 3286 tum.
327 3226 446 3286 Ceteris
460 3226 578 3287 fractus
593 3228 728 3287 animus:
750 3230 966 3307 praetorianus
988 3230 1076 3291 miles
1095 3249 1158 3291 non

208 3323 326 3383 virtute
341 3342 373 3382 se
387 3323 442 3382 sed
460 3323 637 3402 proditione
652 3325 770 3385 victum
791 3325 953 3387 fremebat
995 3326 1046 3387 Ne
1060 3326 1160 3387 Vitel-

155 3435 186 3481 ao
207 3421 296 3481 lianis
307 3421 433 3501 quidem
445 3420 638 3480 incruentam
652 3420 747 3481 luisse
759 3421 933 3497 victoriam,
943 3423 1034 3503 pulso
1042 3421 1159 3504 equite,
