2580 3944
355 147 750 201 memmimus
770 150 938 200 murus.
1093 134 1157 200 135

151 316 231 383 sent,
244 304 365 369 sandius
380 297 486 369 omnia
506 316 717 368 conventura:
737 307 874 388 virgines
894 326 968 368 cum
985 306 1105 368 honore

152 404 315 479 dimissae;
336 403 468 465 Vitellio
481 402 666 483 rescriptum
681 403 788 465 Sabini
802 405 897 464 caede
912 413 945 465 et
958 404 1104 464 incendio

152 500 299 579 Capitolii
313 500 469 580 dirempta
482 500 554 560 belli
568 501 761 560 commercia.
1086 571 1088 578 y

191 599 237 656 82.
266 596 416 656 Tentavit
434 606 539 656 tamen
553 597 712 656 Antonius
726 606 853 657 vocatas
868 597 907 656 ad
923 597 1104 658 concionem

150 693 288 771 legiones
311 691 464 772 mitigare,
488 702 525 752 ut
547 693 654 753 castris
682 695 774 774 juxta
798 703 925 772 pontem
948 694 1104 755 Mulvium

149 787 259 868 positis
272 798 397 869 postera
410 788 462 848 die
477 789 584 849 urbem
604 789 854 869 ingrederentur.
895 790 989 850 Ratio
1011 809 1101 850 cunc

148 883 247 956 tandi,
262 904 301 943 ne
315 896 475 962 asperatus
489 885 606 964 proelio
620 886 709 946 miles
723 906 785 945 non
801 886 928 965 populu,
940 907 1002 947 non
1017 907 1102 946 senua

148 979 204 1052 tui,
218 993 258 1039 ne
270 980 397 1059 templis
411 981 537 1063 quidem
552 1001 588 1041 ao
602 982 739 1044 delubris
753 983 884 1043 deorum
905 983 1080 1044 consuleret
1092 1003 1101 1058 ;
1138 1000 1154 1045 5

148 1075 201 1135 sed
217 1096 341 1135 omnem
356 1076 562 1155 prolationem
582 1088 618 1138 ut
638 1077 797 1140 inimicam
811 1079 960 1138 victoriae
981 1099 1102 1159 suspec

148 1170 277 1244 tabant;
305 1171 396 1232 simul
416 1172 571 1251 fulgentia
590 1192 646 1251 per
667 1173 760 1236 colles
782 1175 904 1247 vexilla,
926 1195 1102 1255 quanquam

148 1266 280 1340 imbellis
294 1266 426 1347 populus
444 1277 634 1347 sequeretur,
649 1268 784 1348 speeiem
805 1269 926 1329 hostilis
947 1272 1102 1331 exereitus

147 1364 296 1424 fecerant.
324 1363 497 1442 Tripartito
509 1364 640 1442 agmine,
652 1383 722 1444 pars
734 1376 770 1425 ut
781 1365 933 1438 astiterat,
946 1366 1101 1427 Flaminia

147 1462 208 1534 ria,
222 1480 294 1540 pars
313 1460 403 1541 juxta
416 1460 516 1539 ripam
530 1461 652 1521 Tiberis
672 1455 818 1536 incessit3
839 1462 968 1523 tertium
989 1482 1100 1541 agmen
1123 1479 1153 1524 1o

147 1579 204 1638 per
232 1559 382 1620 Salariam
410 1558 549 1619 Collinae
577 1570 686 1637 portae
715 1559 952 1640 propinquabat.
1003 1560 1097 1622 Plebs

147 1656 277 1716 invectis
292 1655 448 1737 equitibus
461 1656 547 1726 fusa3
568 1656 656 1716 miles
670 1656 860 1717 Vitellianus
881 1657 970 1718 trinis
985 1667 1017 1717 et
1031 1657 1096 1737 ipse

146 1753 307 1833 praesidiis
321 1754 464 1814 occurrit.
492 1754 616 1815 Proelia
630 1765 703 1814 ante
720 1755 827 1818 urbem
842 1755 942 1815 multa
954 1765 986 1814 et
1001 1754 1096 1829 varia,

146 1853 200 1912 sed
230 1853 387 1913 Flavianis
416 1852 545 1915 oonsilio
573 1852 688 1912 ducum
716 1855 946 1933 praestantibus
972 1854 1094 1934 saepius

146 1971 303 2031 prospera.
344 1951 377 2011 Ii
396 1960 520 2011 tantum
544 1949 714 2011 conflictati
737 1961 819 2025 sunt,
841 1951 954 2030 quiin
977 1964 1098 2031 partem
1120 1965 1151 2011 tt

146 2048 301 2108 sinistram
318 2048 402 2108 urbis
422 2048 463 2106 ad
481 2047 685 2108 Sallustianos
706 2048 813 2107 hortos
834 2068 891 2127 per
912 2058 1043 2127 angusta
1064 2058 1097 2107 et
1204 2097 1206 2100 .

145 2147 263 2206 lubrica
276 2147 398 2207 viarum
412 2146 574 2205 flexerant.
602 2143 822 2223 Superstantes
836 2145 977 2205 maceriis
992 2146 1096 2220 borto-

146 2263 215 2302 rum
236 2242 401 2303 Vitelliani
425 2242 466 2301 ad
489 2260 593 2300 serum
621 2259 718 2319 usque
746 2239 829 2299 diem
856 2240 938 2300 saxis
965 2241 1096 2320 pilisque

145 2340 312 2399 subeuntes
331 2339 486 2410 arcebant,
502 2337 603 2396 donec
617 2337 656 2396 ab
671 2335 835 2416 equitibus,
850 2337 903 2415 qui
924 2347 1015 2416 porta
1029 2337 1098 2397 Col-

144 2438 208 2497 lina
228 2425 412 2516 irruperant,
434 2433 741 2496 circumvenirentur.
785 2433 977 2493 Concurrere
1006 2442 1038 2494 et
1065 2433 1098 2493 in
1118 2447 1149 2494 20

145 2554 253 2613 campo
268 2533 384 2594 Martio
398 2532 531 2592 infestae
545 2530 636 2592 acies.
671 2530 735 2590 Pro
749 2529 909 2590 Flavianis
922 2529 1050 2591 fortuna
1063 2539 1096 2591 et

144 2641 234 2710 parta
261 2629 377 2691 totiens
403 2628 553 2688 victoria:
588 2625 753 2689 Vitelliani
782 2626 996 2706 desperatione
1030 2629 1097 2688 sola

142 2726 292 2800 mebant3
313 2735 346 2786 et
360 2743 536 2806 quanquam
551 2723 642 2803 pulsi,
655 2741 762 2783 rursus
781 2721 814 2782 in
831 2723 908 2782 urbe
930 2740 1097 2803 congrega-

143 2823 266 2883 bantur.

184 2920 232 2978 83.
260 2919 382 2978 Aderat
396 2917 607 2999 pugnantibus
621 2924 778 2996 spectator
791 2917 933 2996 populus,
948 2925 1044 2996 utque
1059 2916 1091 2976 in

142 3014 262 3074 ludicro
283 3015 459 3085 certamine,
477 3014 544 3087 hos,
560 3032 667 3072 rursus
686 3013 756 3072 illos
777 3013 910 3072 clamore
932 3022 964 3072 et
984 3015 1094 3092 plausu

142 3112 280 3172 fovebat.
323 3111 474 3183 Quotiens
495 3129 566 3189 pars
588 3111 685 3168 altera
704 3108 893 3184 inclinasset,
915 3109 1039 3170 abditos
1059 3109 1093 3168 in

142 3208 280 3269 tabernis
295 3217 349 3266 aut
363 3207 389 3266 si
403 3227 496 3286 quam
509 3206 542 3266 in
557 3207 684 3265 domum
698 3205 909 3284 perfugerant,
924 3205 990 3265 erui
1004 3207 1094 3286 jugu-

142 3305 260 3383 larique
277 3303 511 3381 expostulantes
531 3311 621 3380 parte
641 3303 759 3382 majore
780 3302 914 3380 praedae
934 3301 1093 3380 potieban-
1131 3315 1145 3359 t

143 3412 215 3461 tur:
250 3419 321 3460 nam
349 3399 447 3459 milite
475 3398 515 3458 ud
543 3397 726 3479 sanguinem
754 3408 786 3458 et
814 3399 925 3458 caedes
952 3396 1092 3470 obverso,
