2580 3944
212 133 276 197 122³.
491 147 690 197 nomm
709 147 926 197 naamam.

303 308 352 367 26.
386 303 434 366 Ut
463 304 649 365 Cremonam
675 325 798 379 venue,
824 326 944 367 novum
969 306 1241 391 immensumque

260 425 339 484 opus
353 403 497 465 occurrit.
525 401 706 463 Othoniano
719 404 802 463 bello
813 403 1017 463 Germanicus
1029 404 1131 466 miles
1146 428 1241 468 moe·

261 503 350 561 nibus
366 501 623 561 Cremonensium
638 512 739 559 castra
752 520 817 570 sua,
832 501 942 560 castris
956 501 1077 559 vallum
1090 501 1240 565 circum-

258 600 378 678 jecerat
407 617 505 676 eaque
533 596 726 654 munimenta
759 617 864 655 rursus
899 606 1046 669 auxerat;
1082 617 1238 675 quorum

206 710 221 754 5
261 706 388 774 aspectu
399 695 525 753 haesere
538 693 679 764 victores,
689 693 816 752 incertis
826 692 957 751 ducibus
968 692 1044 770 quid
1057 693 1235 771 juberent.

262 790 402 870 Incipere
430 789 705 868 oppugnationem,
728 789 810 849 fesso
836 809 893 868 per
920 789 1004 847 diem
1027 802 1234 872 noctemque

261 888 397 947 exercitu
419 887 562 958 arduum,
583 898 615 945 et
636 886 720 944 nullo
737 886 832 964 juxta
850 885 988 944 subsidio
1008 904 1145 963 anceps:
1175 892 1231 949 sin

261 984 444 1043 Bedriacum
473 984 620 1053 redirent,
644 982 859 1041 intolerandus
887 993 952 1041 tam
978 981 1067 1060 longi
1091 982 1230 1046 itineris

260 1080 355 1151 lanu,
370 1092 401 1140 et
416 1081 548 1140 victoria
562 1080 601 1138 ad
616 1080 738 1138 irritum
753 1078 989 1138 revolvebatur:
1009 1078 1134 1138 munire
1157 1101 1229 1142 cns-

207 1191 236 1235 to
258 1187 315 1247 tra,
335 1176 367 1235 id
390 1195 511 1255 quoque
533 1176 715 1255 propinquis
739 1175 880 1234 hostibus
906 1173 1157 1248 formidolosum,
1179 1199 1225 1238 ne

261 1272 463 1352 &spumet
473 1292 552 1352 opus
566 1273 729 1332 molientes
746 1273 848 1331 subita
862 1271 1024 1349 eruptione
1038 1271 1227 1334 turbarent.

261 1370 349 1442 Quae
359 1391 451 1450 super
461 1382 574 1430 cuncta
584 1371 721 1430 terrebat
733 1369 871 1448 ipsorum
881 1368 969 1426 miles
979 1366 1110 1446 periculi
1118 1388 1224 1446 qnam

259 1486 364 1526 morae
379 1467 564 1545 patientior:
584 1467 699 1546 quippe
713 1467 836 1545 ingrata
850 1483 930 1544 quae
943 1474 1022 1536 tuta,
1035 1481 1074 1521 ex
1090 1469 1225 1526 temeri-

258 1573 324 1622 tate
345 1582 431 1641 spes3
452 1562 613 1641 omnisque
628 1562 739 1621 caedes
754 1574 786 1621 et
801 1562 931 1620 vulnera
950 1570 984 1621 et
1003 1559 1132 1639 mogum
1151 1564 1225 1624 avi

206 1671 236 1717 ta
257 1656 355 1716 ditate
369 1658 502 1736 praedae
516 1658 738 1736 pensabuntur.

299 1755 347 1814 27.
377 1753 447 1812 lluc
461 1753 623 1813 inclinavit
633 1755 792 1814 Antonius
806 1754 952 1834 cingique
965 1753 1083 1812 vallum
1096 1773 1223 1817 corum

254 1849 354 1928 jussit,
382 1850 488 1910 Primo
499 1851 621 1930 sagittis
631 1853 774 1930 saxisque
783 1853 906 1911 eminus
914 1851 1086 1922 certabant,
1094 1853 1222 1930 majore

259 1944 477 2006 Flavianorum
490 1948 634 2026 pernicie,
645 1948 676 2006 in
688 1968 766 2027 quos
780 1949 844 2007 tela
854 1949 988 2027 desuper
1001 1947 1201 2009 librabuntur
1208 1972 1221 2026 ;

258 2062 329 2102 nrox
346 2044 460 2102 vallum
477 2056 641 2124 portasque
656 2044 830 2123 legionibus
843 2045 998 2118 attribuit,
1007 2056 1043 2104 ut
1056 2044 1220 2108 discretus

203 2154 219 2197 a
259 2138 346 2198 labor
366 2140 461 2199 sortes
489 2141 678 2220 ignavosque
699 2141 916 2220 distingueret,
937 2153 1031 2221 atque
1051 2141 1120 2219 ipsa
1141 2163 1220 2203 cou-

257 2236 396 2296 tentinne
417 2236 537 2295 decoris
558 2237 818 2297 accenderentur:
845 2239 988 2318 proxima
1007 2238 1217 2302 Bedriacensi

258 2333 326 2391 riae
351 2333 474 2393 tertiani
500 2335 725 2413 septimanique
748 2355 915 2415 sumpsere,
935 2337 1112 2396 dexteriora
1135 2339 1216 2398 valli

257 2440 369 2487 octava
397 2448 432 2488 uc
466 2430 598 2508 septima
626 2430 819 2506 Claudiana3
852 2433 1135 2492 tertiadecumanos
1170 2435 1216 2494 ad

258 2524 436 2584 Brixianam
452 2539 571 2604 portam
587 2526 722 2606 impetus
737 2529 819 2589 tulit
860 2528 993 2589 Paulum
1007 2530 1081 2588 inde
1094 2549 1215 2606 morae,

203 2635 232 2680 to
253 2620 326 2679 dum
348 2640 385 2679 ex
407 2622 555 2701 proximis
576 2624 658 2701 agris
679 2625 809 2704 ligones,
824 2625 977 2698 dolubms,
992 2638 1025 2685 et
1040 2625 1094 2684 alii
1114 2625 1215 2688 falces

256 2716 413 2795 scalasque
435 2730 642 2778 convectant:
669 2733 737 2781 turn
762 2722 852 2781 elatis
875 2742 968 2800 super
989 2722 1090 2800 capim
1111 2725 1215 2785 scutis

255 2812 351 2870 densa
365 2813 521 2873 testudine.
539 2817 720 2877 succedunt
762 2817 922 2877 Roaiam
936 2818 1092 2897 utrimque
1106 2831 1213 2882 artes:

255 2908 392 2986 perulera
428 2930 572 2971 saxorum
609 2912 772 2973 Vitelliani
807 2914 1006 2992 provolvunt,
1039 2913 1211 2991 disjectam

255 3004 489 3087 fluitantemque
505 3009 694 3069 testudinem
717 3010 831 3069 lanceis
845 3010 1006 3088 contisque
1019 3021 1213 3088 scrutantur,

203 3114 232 3159 ta
254 3100 351 3161 ‹letwe
365 3104 468 3164 soluta
482 3126 631 3185 eourpage
646 3120 804 3166 scutorum
818 3125 991 3184 exsangues
1011 3117 1066 3164 aut
1086 3105 1213 3170 laceros

254 3210 485 3275 prosternerent
500 3202 598 3260 results
611 3222 681 3261 eunt
696 3214 808 3281 strage
849 3201 1024 3260 Iueesserat
1036 3202 1212 3279 cunctatio,

254 3294 283 3352 ni
300 3294 395 3353 dures
410 3294 491 3354 lesse
505 3298 596 3356 militi
618 3310 651 3356 et
672 3299 758 3357 velut
779 3299 880 3356 irritas
901 3296 1133 3356 exhortationes
1155 3300 1213 3359 ab·

254 3390 363 3450 tresenti
378 3392 562 3451 Creruonnm
578 3406 813 3453 rtroustrasseut.
