2580 3944
210 148 274 213 124
516 164 712 213 mensem
732 163 949 212 reomaus.

262 320 395 381 nissimis
409 330 498 381 extra
512 320 619 380 urbem
641 319 789 381 aedificiis
808 320 950 402 jubetsi
971 320 1087 383 <lanino
1113 345 1235 390 rernm

262 437 385 476 suarum
401 416 623 476 Cremonenses
637 417 678 475 ad
692 419 875 477 mutandam
889 418 982 477 fidem
1003 420 1233 487 traherentur.

208 530 238 573 10
260 513 439 593 Propinqua
449 513 544 572 muris
558 523 643 572 tecta
658 525 691 572 et
705 515 902 575 altitudinem
913 516 1075 576 moenium
1089 538 1233 598 egressa

260 611 430 671 fortissimo
446 630 568 690 quoque
583 611 717 671 militum
731 614 885 690 complet3
905 613 952 672 illi
972 614 1117 676 trabibus
1134 628 1233 700 tegu-

260 709 359 786 lisque
374 718 407 767 et
420 707 539 767 facibus
554 719 801 787 propugnatores
815 710 992 770 deturbant.

302 807 349 863 31.
382 804 454 864 Jam
475 805 612 882 legiones
632 805 665 864 in
686 806 878 866 testudinem
898 807 1169 886 glomerabantur,
1193 823 1229 874 et

261 901 314 960 alii
328 902 391 959 tela
402 920 536 978 saxaque
551 901 755 975 incutiebant,
767 922 837 962 cum
852 905 1049 982 languescere
1060 907 1227 983 paulatim

260 997 502 1058 Vitellianorum
517 997 620 1057 animi.
664 997 710 1058 Ut
725 999 793 1079 quis
813 1001 922 1059 ordine
937 1000 1087 1073 anteibat,
1103 1004 1226 1066 cedere

259 1093 413 1166 fortunae,
429 1113 468 1152 ne
484 1094 637 1154 Cremona
652 1115 774 1174 quoque
789 1097 902 1170 excisa,
916 1097 1002 1156 nulla
1015 1095 1099 1157 ultra
1112 1102 1226 1177 venia,

206 1206 222 1253 u
260 1191 420 1269 omnisque
433 1189 481 1249 ira
493 1190 622 1250 victoris
636 1212 699 1251 non
714 1192 746 1251 in
761 1194 873 1272 vulgus
887 1193 976 1274 inops
990 1193 1044 1253 sed
1066 1193 1100 1253 in
1121 1197 1226 1258 tribu-

260 1308 317 1348 nos
332 1287 598 1368 centurionesque,
613 1289 668 1348 ubi
688 1290 824 1368 pretium
837 1291 942 1351 caedis
956 1301 1031 1362 erat,
1045 1302 1225 1355 revertere-

259 1396 321 1446 tur.
349 1384 518 1464 Gregarius
533 1385 621 1445 miles
635 1385 734 1446 futuri
748 1407 852 1447 socors
864 1397 896 1447 et
907 1387 1102 1466 ignobilitate
1114 1390 1225 1451 tutior

260 1481 436 1561 perstabat:
457 1482 530 1561 vagi
545 1502 600 1562 per
620 1483 696 1556 vias,
711 1482 744 1541 in
759 1483 904 1544 domibus
919 1483 1027 1557 abditi,
1041 1502 1152 1563 pacem
1176 1507 1221 1548 ne

261 1589 329 1637 tum
340 1578 466 1658 quidem
481 1578 620 1651 orabant,
630 1600 699 1639 eum
710 1579 827 1638 bellum
838 1579 1022 1658 posuissent.
1056 1579 1222 1644 Primores

208 1690 237 1735 10
259 1689 428 1734 castrorum
449 1695 563 1735 nomen
585 1687 679 1756 atque
699 1676 849 1755 imagines
864 1676 987 1737 Vitellii
1007 1677 1221 1755 amoliuntur;

262 1780 387 1830 catenas
403 1770 555 1832 Caecinae
573 1775 659 1850 (nam
676 1771 770 1832 etiam
792 1783 857 1832 tum
875 1773 997 1833 rinctus
1017 1778 1099 1852 erat)
1116 1778 1223 1835 exsol-

262 1877 350 1939 vunt,
376 1879 527 1947 orantque
555 1879 591 1927 ut
619 1887 728 1928 causae
756 1887 829 1929 suae
858 1870 1042 1948 deprecator
1069 1868 1222 1934 assistat:

261 1976 478 2044 aspernantem
489 1975 723 2045 tumentemque
739 1967 872 2027 lacrimis
883 1966 1027 2045 fatigant,
1038 1976 1220 2030 extremum

262 2064 423 2136 malorum,
435 2073 484 2123 tot
495 2062 657 2122 fortissimi
669 2063 724 2122 viri
736 2063 904 2143 proditoris
914 2083 1004 2142 opem
1015 2063 1221 2141 invocantes3

209 2175 240 2220 15
261 2181 332 2219 mox
348 2161 523 2219 velamenta
540 2171 573 2218 et
593 2159 707 2218 infulas
729 2179 784 2237 pro
805 2159 901 2219 muris
921 2168 1090 2220 ostentant.
1133 2160 1221 2223 Cum

262 2257 418 2317 Antonius
432 2256 565 2316 inhiberi
580 2257 643 2315 tela
655 2255 806 2335 jussisset,
821 2256 909 2334 signa
929 2257 1105 2335 aquilasque
1126 2268 1222 2318 extu-

262 2354 342 2429 lere3
370 2366 521 2414 maestum
550 2352 715 2412 inermium
740 2371 861 2430 agmen,
881 2352 1011 2431 dejectis
1037 2352 1070 2411 in
1098 2363 1219 2415 terram

262 2451 369 2525 oculis,
384 2452 579 2531 sequebatur.
622 2447 892 2509 circumstiterant
905 2449 1038 2509 victores
1059 2457 1092 2507 et
1111 2449 1220 2527 primo

262 2548 445 2628 ingerebant
458 2550 580 2629 probra,
595 2545 793 2607 intentabant
808 2545 905 2605 ictus:
927 2565 1008 2618 mox,
1021 2555 1058 2605 ut
1071 2545 1219 2624 praeberi

209 2659 240 2706 20
261 2667 315 2706 ora
342 2648 547 2721 contumeliis,
566 2656 598 2706 et
626 2644 729 2725 posita
752 2641 838 2702 omni
861 2641 979 2701 ferocia
1001 2651 1114 2701 cuncta
1136 2642 1220 2704 victi

262 2744 469 2821 patiebantur,
485 2744 568 2803 subit
590 2741 764 2802 recordatio
786 2739 855 2798 illos
876 2757 942 2798 esse
963 2737 1016 2817 qui
1035 2756 1134 2815 nuper
1155 2736 1220 2798 Be·

263 2840 360 2898 driaci
381 2841 528 2899 victoriae
549 2847 783 2917 temperassent.
827 2835 888 2896 Sed
903 2833 958 2894 ubi
974 2833 1107 2895 Caecina
1126 2853 1220 2912 prae-

263 2936 575 3014 textalictoribusque
585 2935 722 3013 insignis,
731 2929 1220 3006 dimotaturbaconsulincessit,

263 3050 404 3090 exarsere
415 3031 565 3103 victores;
581 3031 754 3108 superbiam
769 3029 993 3106 saevitiamque
1006 3025 1098 3104 (adeo
1113 3024 1220 3088 invisa

209 3140 241 3186 25
263 3127 377 3186 scelera
404 3130 502 3204 sunt),
531 3127 624 3186 etiam
652 3126 812 3204 perfidiam
839 3124 1060 3206 objectabant:
1091 3120 1221 3185 obstitit

264 3223 421 3283 Antonius
443 3223 585 3302 datisque
610 3221 825 3282 defensoribus
853 3222 892 3281 ad
918 3219 1147 3300 Vespasianum
1171 3219 1223 3280 di-

263 3319 358 3379 misit.

305 3417 353 3475 32.
382 3414 476 3475 Plebs
489 3413 614 3474 interim
629 3412 884 3473 Cremonensium
898 3413 980 3473 inter
994 3421 1130 3473 armatos
1144 3432 1222 3475 con·
