2580 3944
138 161 182 224 66
446 172 643 222 uxorum
662 170 880 221 sturme.

140 350 170 393 10
191 333 288 405 chiae,
301 331 356 391 ubi
376 343 539 403 crematus,
552 330 689 390 tribunal
708 329 922 409 Epidaphnae,
935 350 998 409 quo
1018 330 1052 390 in
1073 331 1144 391 loco

192 430 289 487 vitam
313 429 444 487 finierat
487 428 666 486 Statuaruut
688 427 867 486 locorumve
888 427 1010 506 inquis
1029 429 1146 486 colere

191 537 243 584 tur
256 525 340 583 haud
355 525 446 583 facile
460 524 528 603 quis
542 543 706 582 numerum
719 524 832 582 inierit
869 524 950 583 Cum
964 537 1146 583 censeretur

191 623 308 700 clipeus
335 641 412 680 auro
439 635 472 679 et
499 620 715 698 magnitudine
739 619 869 699 insignis
891 620 974 678 inter
1000 632 1146 679 auctores

192 718 395 796 eloquentiae,
423 718 611 775 asseveravit
639 716 781 775 Tiberius
814 717 941 774 solitum
973 736 1146 794 paremque

138 815 301 875 coeteris
326 815 520 873 dicaturum:
547 834 646 891 neque
675 814 757 871 enim
781 813 990 891 eloquentiam
1014 813 1146 872 fortuna

191 912 335 984 discerni,
360 924 392 970 et
420 912 494 968 satis
522 910 650 982 illustre,
672 911 699 968 si
723 923 844 970 veteres
871 910 954 968 iuter
975 909 1145 987 scriptores

192 1008 367 1067 haberetur.
410 1007 564 1085 Equester
578 1007 655 1064 ordo
670 1027 803 1065 cuneum
817 1004 995 1065 Germanici
1009 1006 1146 1083 appelln-

191 1104 248 1174 vit,
269 1104 321 1181 qui
348 1103 508 1182 juniorum
529 1103 699 1171 dicebatur,
719 1103 926 1182 instituitque,
946 1101 994 1161 uti
1022 1115 1145 1161 turmae

192 1200 301 1260 Idibus
321 1200 415 1260 Juliis
443 1200 610 1278 imaginem
637 1200 706 1279 ejus
732 1214 945 1280 sequerentur.
986 1197 1146 1277 Pleraque

138 1313 169 1357 uo
191 1308 333 1355 manent:
357 1296 509 1376 quiedam
524 1296 631 1356 statim
645 1296 760 1356 omissa
772 1307 845 1357 sunt
862 1306 918 1356 aut
930 1305 1072 1356 vetustas
1091 1295 1147 1354 ol»

191 1393 339 1452 literuvit.

306 2031 565 2098 ANNALIL'M
597 2033 739 2100 LIBER
769 2033 985 2102 TERTIUS.

234 2275 260 2333 1.
295 2273 383 2333 Nihil
403 2272 580 2333 intermissa
599 2271 798 2350 navigatione
818 2271 941 2331 hiberni
962 2269 1057 2331 maris
1077 2271 1145 2352 Ag·

191 2371 313 2449 rippina
334 2371 500 2448 Corcyram
522 2369 652 2427 insulam
675 2367 851 2440 advehitur,
867 2368 960 2427 litora
980 2367 1146 2428 Calabriae

191 2479 300 2526 contra
327 2468 428 2527 sitam.
470 2466 539 2524 Illic
566 2484 681 2542 paucos
709 2464 776 2523 dies
793 2465 1009 2543 componendo
1036 2465 1146 2524 auimo

191 2564 328 2632 insumit,
353 2565 489 2622 violenta
513 2563 598 2621 luctu
621 2573 654 2619 et
677 2560 781 2620 nescia
802 2561 966 2620 tolerandi.
1007 2559 1144 2622 Interim

138 2674 155 2719 5
193 2661 330 2719 adventu
344 2662 412 2738 ejus
426 2660 534 2718 audito
549 2658 675 2716 intimus
689 2658 818 2737 quisque
837 2658 1007 2717 amicorum
1027 2668 1060 2717 et
1078 2658 1147 2736 ple-

191 2758 278 2834 rique
306 2757 462 2823 militares,
486 2767 521 2814 ut
549 2755 661 2833 quique
689 2755 747 2812 sub
771 2754 957 2812 Germanico
984 2753 1146 2832 stipendis

191 2852 337 2922 fecerant,
358 2853 508 2929 multique
532 2852 625 2909 etiam
648 2850 748 2929 ignoti
772 2850 882 2909 vicinis
909 2869 927 2908 e
955 2849 1146 2928 municipiis,

192 2967 263 3026 pars
273 2948 406 3006 officium
421 2949 452 3006 in
468 2948 638 3025 principem
653 2949 722 3019 rati,
732 2949 834 3025 plures
849 2948 918 3005 illos
931 2947 1040 3018 secuti,
1050 2966 1145 3008 rnerc

192 3045 232 3101 ad
253 3045 402 3121 oppidum
424 3043 636 3112 Brundisium,
657 3045 739 3122 quod
762 3043 923 3121 naviganti
944 3043 1145 3104 celerrimum

140 3154 170 3198 ιο
191 3140 435 3216 fidissimumque
460 3140 590 3217 appulsu
616 3154 692 3198 erat.
734 3141 840 3218 Atque
863 3139 916 3198 ubi
944 3139 1078 3217 primum
1101 3159 1146 3200 ex

193 3236 257 3294 alto
272 3236 336 3294 risa
351 3236 464 3306 elassis,
479 3237 673 3313 complentur
687 3257 748 3293 non
764 3236 857 3294 modo
871 3247 979 3313 portus
998 3246 1031 3294 et
1051 3254 1147 3313 prox-

192 3332 254 3391 ima
282 3333 383 3403 maris,
404 3333 457 3389 sed
483 3332 606 3390 moenia
633 3351 669 3389 ac
697 3342 789 3403 tecta,
814 3351 935 3409 quaque
963 3331 1146 3409 longissime

192 3427 384 3508 prospectari
398 3439 532 3507 poterat,
546 3427 750 3487 maerentium
770 3428 863 3487 turba
882 3438 916 3487 et
935 3427 1145 3506 rogitantium
