<?xml version="1.0" encoding="UTF-8"?>
<!DOCTYPE html PUBLIC "-//W3C//DTD XHTML 1.0 Transitional//EN"
    "http://www.w3.org/TR/xhtml1/DTD/xhtml1-transitional.dtd">
<html xmlns="http://www.w3.org/1999/xhtml" xml:lang="en" lang="en">
 <head>
  <title>
</title>
<meta http-equiv="Content-Type" content="text/html;charset=utf-8" />
  <meta name='ocr-system' content='tesseract 3.04.00' />
  <meta name='ocr-capabilities' content='ocr_page ocr_carea ocr_par ocr_line ocrx_word'/>
</head>
<body>
  <div class='ocr_page' id='page_1' title='image "./selectionsfromt00chamgoog_0122.png"; bbox 0 0 2580 3944; ppageno 0'>
   <div class='ocr_carea' id='block_1_1' title="bbox 340 125 1144 192">
    <p class='ocr_par' dir='ltr' id='par_1_1' title="bbox 340 125 1144 192">
     <span class='ocr_line' id='line_1_1' title="bbox 340 125 1144 192; baseline -0.002 0"><span class='ocrx_word' id='word_1_1' title='bbox 340 142 599 192; x_wconf 79' lang='lat' dir='ltr'><strong>HISTORIARUM</strong></span> <span class='ocrx_word' id='word_1_2' title='bbox 621 143 731 190; x_wconf 80' lang='lat' dir='ltr'><strong>LIBER</strong></span> <span class='ocrx_word' id='word_1_3' title='bbox 753 142 955 191; x_wconf 74' lang='lat' dir='ltr'>SECUNDUS.</span> <span class='ocrx_word' id='word_1_4' title='bbox 978 167 981 171; x_wconf 34' lang='lat' dir='ltr'>v</span> <span class='ocrx_word' id='word_1_5' title='bbox 1082 125 1144 190; x_wconf 74' lang='grc'>107</span> 
     </span>
    </p>
   </div>
   <div class='ocr_carea' id='block_1_2' title="bbox 143 299 1145 575">
    <p class='ocr_par' dir='ltr' id='par_1_2' title="bbox 143 299 1145 575">
     <span class='ocr_line' id='line_1_2' title="bbox 144 299 1093 378; baseline -0.002 -18"><span class='ocrx_word' id='word_1_6' title='bbox 144 321 201 361; x_wconf 92' lang='lat' dir='ltr'>usu</span> <span class='ocrx_word' id='word_1_7' title='bbox 215 300 285 360; x_wconf 85' lang='lat' dir='ltr'>fuit.</span> <span class='ocrx_word' id='word_1_8' title='bbox 320 299 512 359; x_wconf 88' lang='lat' dir='ltr'>Labantibus</span> <span class='ocrx_word' id='word_1_9' title='bbox 526 299 651 360; x_wconf 90' lang='lat' dir='ltr'>Vitellii</span> <span class='ocrx_word' id='word_1_10' title='bbox 664 300 756 359; x_wconf 84' lang='lat' dir='ltr'>rebus</span> <span class='ocrx_word' id='word_1_11' title='bbox 767 299 994 378; x_wconf 81' lang='lat' dir='ltr'>Vespasianum</span> <span class='ocrx_word' id='word_1_12' title='bbox 1010 319 1093 359; x_wconf 91' lang='lat' dir='ltr'>secu-</span> 
     </span>
     <span class='ocr_line' id='line_1_3' title="bbox 143 396 1145 477; baseline -0.002 -18"><span class='ocrx_word' id='word_1_13' title='bbox 143 410 194 459; x_wconf 90' lang='lat' dir='ltr'>tus</span> <span class='ocrx_word' id='word_1_14' title='bbox 204 397 323 477; x_wconf 85' lang='lat' dir='ltr'>grande</span> <span class='ocrx_word' id='word_1_15' title='bbox 334 408 527 456; x_wconf 74' lang='lat' dir='ltr'>momentum</span> <span class='ocrx_word' id='word_1_16' title='bbox 538 396 672 470; x_wconf 80' lang='lat' dir='ltr'>addidit,</span> <span class='ocrx_word' id='word_1_17' title='bbox 683 406 827 456; x_wconf 90' lang='lat' dir='ltr'>strenuus</span> <span class='ocrx_word' id='word_1_18' title='bbox 837 414 942 469; x_wconf 93' lang='lat' dir='ltr'>manu,</span> <span class='ocrx_word' id='word_1_19' title='bbox 951 415 1093 455; x_wconf 90' lang='lat' dir='ltr'>sermone</span> <span class='ocrx_word' id='word_1_20' title='bbox 1114 411 1145 457; x_wconf 86' lang='lat'>10</span> 
     </span>
     <span class='ocr_line' id='line_1_4' title="bbox 143 492 1092 575; baseline -0.002 -20"><span class='ocrx_word' id='word_1_21' title='bbox 143 505 315 575; x_wconf 89' lang='lat' dir='ltr'>promptus,</span> <span class='ocrx_word' id='word_1_22' title='bbox 330 494 480 553; x_wconf 82' lang='lat' dir='ltr'>serendae</span> <span class='ocrx_word' id='word_1_23' title='bbox 495 494 527 552; x_wconf 94' lang='lat' dir='ltr'>in</span> <span class='ocrx_word' id='word_1_24' title='bbox 543 494 619 552; x_wconf 90' lang='lat' dir='ltr'>alios</span> <span class='ocrx_word' id='word_1_25' title='bbox 633 493 770 551; x_wconf 87' lang='lat' dir='ltr'>invidiae</span> <span class='ocrx_word' id='word_1_26' title='bbox 792 493 912 566; x_wconf 81' lang='lat' dir='ltr'>artifex,</span> <span class='ocrx_word' id='word_1_27' title='bbox 927 492 1092 553; x_wconf 79' lang='lat' dir='ltr'>discordiis</span> 
     </span>
    </p>
   </div>
   <div class='ocr_carea' id='block_1_3' title="bbox 48 589 1092 668">
    <p class='ocr_par' dir='ltr' id='par_1_3' title="bbox 48 589 1092 668">
     <span class='ocr_line' id='line_1_5' title="bbox 48 589 1092 668; baseline -0.006 -12"><span class='ocrx_word' id='word_1_28' title='bbox 48 650 51 656; x_wconf 93' lang='lat'>.</span> <span class='ocrx_word' id='word_1_29' title='bbox 143 604 175 653; x_wconf 85' lang='lat' dir='ltr'>ct</span> <span class='ocrx_word' id='word_1_30' title='bbox 196 591 400 652; x_wconf 75' lang='lat' dir='ltr'>seditionibus</span> <span class='ocrx_word' id='word_1_31' title='bbox 414 598 535 668; x_wconf 90' lang='lat' dir='ltr'>potens,</span> <span class='ocrx_word' id='word_1_32' title='bbox 549 598 665 667; x_wconf 88' lang='lat' dir='ltr'>raptor,</span> <span class='ocrx_word' id='word_1_33' title='bbox 680 589 819 668; x_wconf 86' lang='lat' dir='ltr'>largitor,</span> <span class='ocrx_word' id='word_1_34' title='bbox 834 609 910 668; x_wconf 91' lang='lat' dir='ltr'>pace</span> <span class='ocrx_word' id='word_1_35' title='bbox 931 589 1092 667; x_wconf 89' lang='lat' dir='ltr'>pessimus,</span> 
     </span>
    </p>
   </div>
   <div class='ocr_carea' id='block_1_4' title="bbox 139 686 1199 3475">
    <p class='ocr_par' dir='ltr' id='par_1_4' title="bbox 139 686 1199 2487">
     <span class='ocr_line' id='line_1_6' title="bbox 143 686 1094 767; baseline -0.004 -17"><span class='ocrx_word' id='word_1_36' title='bbox 143 691 224 750; x_wconf 91' lang='lat' dir='ltr'>bello</span> <span class='ocrx_word' id='word_1_37' title='bbox 245 709 307 749; x_wconf 92' lang='lat' dir='ltr'>nou</span> <span class='ocrx_word' id='word_1_38' title='bbox 330 687 532 767; x_wconf 87' lang='lat' dir='ltr'>spernendus.</span> <span class='ocrx_word' id='word_1_39' title='bbox 573 686 683 746; x_wconf 85' lang='lat' dir='ltr'>Juucti</span> <span class='ocrx_word' id='word_1_40' title='bbox 707 687 780 746; x_wconf 88' lang='lat' dir='ltr'>iude</span> <span class='ocrx_word' id='word_1_41' title='bbox 800 687 932 746; x_wconf 83' lang='lat' dir='ltr'>Moesici</span> <span class='ocrx_word' id='word_1_42' title='bbox 955 706 991 746; x_wconf 92' lang='lat' dir='ltr'>ac</span> <span class='ocrx_word' id='word_1_43' title='bbox 1014 687 1094 746; x_wconf 88' lang='lat' dir='ltr'>Pan-</span> 
     </span>
     <span class='ocr_line' id='line_1_7' title="bbox 142 783 1093 863; baseline -0.004 -17"><span class='ocrx_word' id='word_1_44' title='bbox 142 787 247 848; x_wconf 86' lang='lat' dir='ltr'>nonici</span> <span class='ocrx_word' id='word_1_45' title='bbox 272 785 427 846; x_wconf 87' lang='lat' dir='ltr'>exercitus</span> <span class='ocrx_word' id='word_1_46' title='bbox 450 783 661 843; x_wconf 79' lang='lat' dir='ltr'>Delmaticum</span> <span class='ocrx_word' id='word_1_47' title='bbox 686 783 817 843; x_wconf 90' lang='lat' dir='ltr'>militem</span> <span class='ocrx_word' id='word_1_48' title='bbox 842 792 975 856; x_wconf 89' lang='lat' dir='ltr'>traxere,</span> <span class='ocrx_word' id='word_1_49' title='bbox 999 803 1093 863; x_wconf 89' lang='lat' dir='ltr'>quan·</span> 
     </span>
     <span class='ocr_line' id='line_1_8' title="bbox 143 879 1146 964; baseline 0.001 -23"><span class='ocrx_word' id='word_1_50' title='bbox 143 905 235 964; x_wconf 83' lang='lat' dir='ltr'>qnam</span> <span class='ocrx_word' id='word_1_51' title='bbox 249 882 461 944; x_wconf 88' lang='lat' dir='ltr'>consularibus</span> <span class='ocrx_word' id='word_1_52' title='bbox 477 879 589 960; x_wconf 84' lang='lat' dir='ltr'>legatis</span> <span class='ocrx_word' id='word_1_53' title='bbox 603 879 681 939; x_wconf 90' lang='lat' dir='ltr'>nihil</span> <span class='ocrx_word' id='word_1_54' title='bbox 695 881 902 940; x_wconf 82' lang='lat' dir='ltr'>turbantibus.</span> <span class='ocrx_word' id='word_1_55' title='bbox 944 880 1093 958; x_wconf 82' lang='lat' dir='ltr'>Tampius</span> <span class='ocrx_word' id='word_1_56' title='bbox 1115 897 1146 942; x_wconf 83' lang='lat'>15</span> 
     </span>
     <span class='ocr_line' id='line_1_9' title="bbox 143 976 1092 1056; baseline -0.003 -16"><span class='ocrx_word' id='word_1_57' title='bbox 143 980 309 1040; x_wconf 84' lang='lat' dir='ltr'>Flavianus</span> <span class='ocrx_word' id='word_1_58' title='bbox 324 979 525 1051; x_wconf 86' lang='lat' dir='ltr'>Pannoniam,</span> <span class='ocrx_word' id='word_1_59' title='bbox 547 976 715 1056; x_wconf 92' lang='lat' dir='ltr'>Pompeius</span> <span class='ocrx_word' id='word_1_60' title='bbox 737 976 881 1036; x_wconf 85' lang='lat' dir='ltr'>Silvanus</span> <span class='ocrx_word' id='word_1_61' title='bbox 902 977 1092 1037; x_wconf 76' lang='lat' dir='ltr'>Delmatiam</span> 
     </span>
     <span class='ocr_line' id='line_1_10' title="bbox 143 1074 1199 1154; baseline -0.004 -17"><span class='ocrx_word' id='word_1_62' title='bbox 143 1079 300 1153; x_wconf 89' lang='lat' dir='ltr'>tenebant,</span> <span class='ocrx_word' id='word_1_63' title='bbox 315 1078 429 1138; x_wconf 87' lang='lat' dir='ltr'>divites</span> <span class='ocrx_word' id='word_1_64' title='bbox 450 1095 557 1149; x_wconf 84' lang='lat' dir='ltr'>senes3</span> <span class='ocrx_word' id='word_1_65' title='bbox 578 1075 632 1134; x_wconf 90' lang='lat' dir='ltr'>sed</span> <span class='ocrx_word' id='word_1_66' title='bbox 653 1085 837 1154; x_wconf 87' lang='lat' dir='ltr'>procurator</span> <span class='ocrx_word' id='word_1_67' title='bbox 858 1075 966 1134; x_wconf 89' lang='lat' dir='ltr'>aderat</span> <span class='ocrx_word' id='word_1_68' title='bbox 982 1074 1094 1135; x_wconf 79' lang='lat' dir='ltr'>Gorne-</span> <span class='ocrx_word' id='word_1_69' title='bbox 1163 1103 1165 1105; x_wconf 91' lang='lat'>·</span> <span class='ocrx_word' id='word_1_70' title='bbox 1197 1077 1199 1082; x_wconf 81' lang='lat'>&#39;</span> 
     </span>
     <span class='ocr_line' id='line_1_11' title="bbox 143 1170 1093 1253; baseline -0.001 -21"><span class='ocrx_word' id='word_1_71' title='bbox 143 1175 203 1235; x_wconf 90' lang='lat' dir='ltr'>lius</span> <span class='ocrx_word' id='word_1_72' title='bbox 231 1175 358 1249; x_wconf 84' lang='lat' dir='ltr'>Fuscus,</span> <span class='ocrx_word' id='word_1_73' title='bbox 383 1174 493 1253; x_wconf 86' lang='lat' dir='ltr'>vigens</span> <span class='ocrx_word' id='word_1_74' title='bbox 520 1182 633 1246; x_wconf 90' lang='lat' dir='ltr'>aetate,</span> <span class='ocrx_word' id='word_1_75' title='bbox 661 1170 753 1230; x_wconf 86' lang='lat' dir='ltr'>claris</span> <span class='ocrx_word' id='word_1_76' title='bbox 781 1171 944 1232; x_wconf 87' lang='lat' dir='ltr'>natalibus.</span> <span class='ocrx_word' id='word_1_77' title='bbox 985 1171 1093 1232; x_wconf 89' lang='lat' dir='ltr'>Prima</span> 
     </span>
     <span class='ocr_line' id='line_1_12' title="bbox 142 1265 1093 1349; baseline -0.004 -20"><span class='ocrx_word' id='word_1_78' title='bbox 142 1271 274 1349; x_wconf 88' lang='lat' dir='ltr'>juventa</span> <span class='ocrx_word' id='word_1_79' title='bbox 288 1269 400 1349; x_wconf 89' lang='lat' dir='ltr'>quietis</span> <span class='ocrx_word' id='word_1_80' title='bbox 414 1267 559 1346; x_wconf 89' lang='lat' dir='ltr'>cupidine</span> <span class='ocrx_word' id='word_1_81' title='bbox 573 1266 764 1327; x_wconf 88' lang='lat' dir='ltr'>senatorium</span> <span class='ocrx_word' id='word_1_82' title='bbox 783 1265 924 1325; x_wconf 86' lang='lat' dir='ltr'>ordinem</span> <span class='ocrx_word' id='word_1_83' title='bbox 945 1278 1093 1341; x_wconf 85' lang='lat' dir='ltr'>exuerat3</span> 
     </span>
     <span class='ocr_line' id='line_1_13' title="bbox 143 1364 1145 1444; baseline -0.003 -19"><span class='ocrx_word' id='word_1_84' title='bbox 143 1367 227 1425; x_wconf 89' lang='lat' dir='ltr'>idem</span> <span class='ocrx_word' id='word_1_85' title='bbox 241 1386 298 1444; x_wconf 93' lang='lat' dir='ltr'>pro</span> <span class='ocrx_word' id='word_1_86' title='bbox 313 1365 412 1425; x_wconf 82' lang='lat' dir='ltr'>Galba</span> <span class='ocrx_word' id='word_1_87' title='bbox 426 1365 490 1424; x_wconf 82' lang='lat' dir='ltr'>dux</span> <span class='ocrx_word' id='word_1_88' title='bbox 505 1364 644 1424; x_wconf 90' lang='lat' dir='ltr'>coloniae</span> <span class='ocrx_word' id='word_1_89' title='bbox 659 1382 741 1436; x_wconf 90' lang='lat' dir='ltr'>suae,</span> <span class='ocrx_word' id='word_1_90' title='bbox 756 1383 853 1442; x_wconf 91' lang='lat' dir='ltr'>eaque</span> <span class='ocrx_word' id='word_1_91' title='bbox 876 1383 970 1442; x_wconf 88' lang='lat' dir='ltr'>opera</span> <span class='ocrx_word' id='word_1_92' title='bbox 989 1382 1097 1441; x_wconf 90' lang='lat' dir='ltr'>procu·</span> <span class='ocrx_word' id='word_1_93' title='bbox 1115 1377 1145 1423; x_wconf 80' lang='lat' dir='ltr'>ac</span> 
     </span>
     <span class='ocr_line' id='line_1_14' title="bbox 143 1459 1094 1541; baseline -0.004 -19"><span class='ocrx_word' id='word_1_94' title='bbox 143 1463 296 1522; x_wconf 89' lang='lat' dir='ltr'>rationem</span> <span class='ocrx_word' id='word_1_95' title='bbox 310 1463 451 1541; x_wconf 88' lang='lat' dir='ltr'>adeptus,</span> <span class='ocrx_word' id='word_1_96' title='bbox 466 1461 618 1539; x_wconf 87' lang='lat' dir='ltr'>susceptis</span> <span class='ocrx_word' id='word_1_97' title='bbox 631 1459 817 1538; x_wconf 85' lang='lat' dir='ltr'>Vespasiani</span> <span class='ocrx_word' id='word_1_98' title='bbox 831 1460 970 1538; x_wconf 91' lang='lat' dir='ltr'>partibus</span> <span class='ocrx_word' id='word_1_99' title='bbox 985 1459 1094 1518; x_wconf 82' lang='lat' dir='ltr'>acerri-</span> 
     </span>
     <span class='ocr_line' id='line_1_15' title="bbox 143 1555 1093 1638; baseline -0.002 -20"><span class='ocrx_word' id='word_1_100' title='bbox 143 1579 225 1618; x_wconf 89' lang='lat' dir='ltr'>mam</span> <span class='ocrx_word' id='word_1_101' title='bbox 236 1559 317 1618; x_wconf 91' lang='lat' dir='ltr'>bello</span> <span class='ocrx_word' id='word_1_102' title='bbox 331 1558 432 1618; x_wconf 79' lang='lat' dir='ltr'>facem</span> <span class='ocrx_word' id='word_1_103' title='bbox 446 1558 613 1638; x_wconf 89' lang='lat' dir='ltr'>praetulit:</span> <span class='ocrx_word' id='word_1_104' title='bbox 628 1577 690 1616; x_wconf 89' lang='lat' dir='ltr'>non</span> <span class='ocrx_word' id='word_1_105' title='bbox 705 1568 769 1616; x_wconf 92' lang='lat' dir='ltr'>tam</span> <span class='ocrx_word' id='word_1_106' title='bbox 784 1555 929 1635; x_wconf 89' lang='lat' dir='ltr'>praemiis</span> <span class='ocrx_word' id='word_1_107' title='bbox 943 1555 1093 1634; x_wconf 89' lang='lat' dir='ltr'>periculo·</span> 
     </span>
     <span class='ocr_line' id='line_1_16' title="bbox 139 1653 1093 1735; baseline -0.004 -19"><span class='ocrx_word' id='word_1_108' title='bbox 139 1677 210 1723; x_wconf 85' lang='lat' dir='ltr'>rum</span> <span class='ocrx_word' id='word_1_109' title='bbox 235 1675 328 1735; x_wconf 89' lang='lat' dir='ltr'>quam</span> <span class='ocrx_word' id='word_1_110' title='bbox 352 1654 426 1734; x_wconf 89' lang='lat' dir='ltr'>ipsis</span> <span class='ocrx_word' id='word_1_111' title='bbox 452 1653 595 1733; x_wconf 90' lang='lat' dir='ltr'>periculis</span> <span class='ocrx_word' id='word_1_112' title='bbox 620 1655 729 1727; x_wconf 91' lang='lat' dir='ltr'>laetus,</span> <span class='ocrx_word' id='word_1_113' title='bbox 752 1673 808 1731; x_wconf 94' lang='lat' dir='ltr'>pro</span> <span class='ocrx_word' id='word_1_114' title='bbox 837 1653 931 1712; x_wconf 76' lang='lat' dir='ltr'>certis</span> <span class='ocrx_word' id='word_1_115' title='bbox 958 1661 990 1712; x_wconf 89' lang='lat' dir='ltr'>et</span> <span class='ocrx_word' id='word_1_116' title='bbox 1018 1653 1093 1712; x_wconf 91' lang='lat' dir='ltr'>olim</span> 
     </span>
     <span class='ocr_line' id='line_1_17' title="bbox 143 1748 1092 1831; baseline -0.006 -19"><span class='ocrx_word' id='word_1_117' title='bbox 143 1753 249 1831; x_wconf 87' lang='lat' dir='ltr'>partis,</span> <span class='ocrx_word' id='word_1_118' title='bbox 260 1771 350 1826; x_wconf 86' lang='lat' dir='ltr'>nova,</span> <span class='ocrx_word' id='word_1_119' title='bbox 361 1750 514 1830; x_wconf 86' lang='lat' dir='ltr'>ambigua,</span> <span class='ocrx_word' id='word_1_120' title='bbox 524 1749 671 1829; x_wconf 87' lang='lat' dir='ltr'>ancipitia</span> <span class='ocrx_word' id='word_1_121' title='bbox 680 1750 826 1810; x_wconf 81' lang='lat' dir='ltr'>malebat.</span> <span class='ocrx_word' id='word_1_122' title='bbox 855 1748 957 1827; x_wconf 85' lang='lat' dir='ltr'>Igitur</span> <span class='ocrx_word' id='word_1_123' title='bbox 966 1767 1092 1808; x_wconf 89' lang='lat' dir='ltr'>movere</span> 
     </span>
     <span class='ocr_line' id='line_1_18' title="bbox 143 1845 1145 1928; baseline -0.002 -20"><span class='ocrx_word' id='word_1_124' title='bbox 143 1859 175 1908; x_wconf 89' lang='lat' dir='ltr'>et</span> <span class='ocrx_word' id='word_1_125' title='bbox 189 1860 326 1928; x_wconf 91' lang='lat' dir='ltr'>quatere,</span> <span class='ocrx_word' id='word_1_126' title='bbox 342 1848 494 1928; x_wconf 89' lang='lat' dir='ltr'>quidquid</span> <span class='ocrx_word' id='word_1_127' title='bbox 510 1867 638 1927; x_wconf 90' lang='lat' dir='ltr'>usquam</span> <span class='ocrx_word' id='word_1_128' title='bbox 654 1867 781 1926; x_wconf 85' lang='lat' dir='ltr'>aegrum</span> <span class='ocrx_word' id='word_1_129' title='bbox 803 1847 893 1918; x_wconf 86' lang='lat' dir='ltr'>lbret,</span> <span class='ocrx_word' id='word_1_130' title='bbox 909 1845 1093 1925; x_wconf 83' lang='lat' dir='ltr'>aggrediun-</span> <span class='ocrx_word' id='word_1_131' title='bbox 1113 1859 1145 1906; x_wconf 77' lang='lat' dir='ltr'>at</span> 
     </span>
     <span class='ocr_line' id='line_1_19' title="bbox 143 1942 1092 2024; baseline -0.004 -19"><span class='ocrx_word' id='word_1_132' title='bbox 143 1956 204 2005; x_wconf 88' lang='lat' dir='ltr'>tur.</span> <span class='ocrx_word' id='word_1_133' title='bbox 247 1945 387 2024; x_wconf 85' lang='lat' dir='ltr'>Scriptae</span> <span class='ocrx_word' id='word_1_134' title='bbox 408 1944 440 2003; x_wconf 91' lang='lat' dir='ltr'>in</span> <span class='ocrx_word' id='word_1_135' title='bbox 459 1944 653 2004; x_wconf 83' lang='lat' dir='ltr'>Britanniam</span> <span class='ocrx_word' id='word_1_136' title='bbox 674 1945 713 2003; x_wconf 91' lang='lat' dir='ltr'>ad</span> <span class='ocrx_word' id='word_1_137' title='bbox 736 1942 1045 2023; x_wconf 88' lang='lat' dir='ltr'>quartadecumanos,</span> <span class='ocrx_word' id='word_1_138' title='bbox 1061 1943 1092 2001; x_wconf 88' lang='lat' dir='ltr'>in</span> 
     </span>
     <span class='ocr_line' id='line_1_20' title="bbox 144 2038 1092 2121; baseline -0.001 -22"><span class='ocrx_word' id='word_1_139' title='bbox 144 2041 327 2121; x_wconf 88' lang='lat' dir='ltr'>Hispaniam</span> <span class='ocrx_word' id='word_1_140' title='bbox 344 2041 382 2100; x_wconf 91' lang='lat' dir='ltr'>ad</span> <span class='ocrx_word' id='word_1_141' title='bbox 397 2041 556 2120; x_wconf 89' lang='lat' dir='ltr'>primanos</span> <span class='ocrx_word' id='word_1_142' title='bbox 577 2040 734 2119; x_wconf 88' lang='lat' dir='ltr'>epistolae,</span> <span class='ocrx_word' id='word_1_143' title='bbox 751 2040 833 2120; x_wconf 92' lang='lat' dir='ltr'>quod</span> <span class='ocrx_word' id='word_1_144' title='bbox 855 2052 987 2118; x_wconf 91' lang='lat' dir='ltr'>utraque</span> <span class='ocrx_word' id='word_1_145' title='bbox 1010 2038 1092 2118; x_wconf 84' lang='lat' dir='ltr'>legio</span> 
     </span>
     <span class='ocr_line' id='line_1_21' title="bbox 143 2137 1093 2216; baseline -0.002 -20"><span class='ocrx_word' id='word_1_146' title='bbox 143 2158 200 2216; x_wconf 92' lang='lat' dir='ltr'>pro</span> <span class='ocrx_word' id='word_1_147' title='bbox 221 2137 356 2211; x_wconf 90' lang='lat' dir='ltr'>Othone,</span> <span class='ocrx_word' id='word_1_148' title='bbox 377 2137 508 2196; x_wconf 87' lang='lat' dir='ltr'>adversa</span> <span class='ocrx_word' id='word_1_149' title='bbox 528 2137 659 2196; x_wconf 89' lang='lat' dir='ltr'>Vitellio</span> <span class='ocrx_word' id='word_1_150' title='bbox 680 2137 799 2211; x_wconf 82' lang='lat' dir='ltr'>fuerat3</span> <span class='ocrx_word' id='word_1_151' title='bbox 828 2147 1016 2216; x_wconf 84' lang='lat' dir='ltr'>sparguntur</span> <span class='ocrx_word' id='word_1_152' title='bbox 1036 2155 1093 2215; x_wconf 90' lang='lat' dir='ltr'>per</span> 
     </span>
     <span class='ocr_line' id='line_1_22' title="bbox 144 2233 1093 2313; baseline 0 -21"><span class='ocrx_word' id='word_1_153' title='bbox 144 2233 260 2294; x_wconf 84' lang='lat' dir='ltr'>Gallias</span> <span class='ocrx_word' id='word_1_154' title='bbox 274 2234 399 2306; x_wconf 81' lang='lat' dir='ltr'>literae3</span> <span class='ocrx_word' id='word_1_155' title='bbox 419 2242 639 2311; x_wconf 90' lang='lat' dir='ltr'>momentoque</span> <span class='ocrx_word' id='word_1_156' title='bbox 655 2233 802 2312; x_wconf 89' lang='lat' dir='ltr'>temporis</span> <span class='ocrx_word' id='word_1_157' title='bbox 816 2234 968 2313; x_wconf 85' lang='lat' dir='ltr'>flagrabat</span> <span class='ocrx_word' id='word_1_158' title='bbox 982 2234 1093 2312; x_wconf 83' lang='lat' dir='ltr'>ingens</span> 
     </span>
     <span class='ocr_line' id='line_1_23' title="bbox 142 2329 1146 2410; baseline 0 -20"><span class='ocrx_word' id='word_1_159' title='bbox 142 2329 408 2410; x_wconf 88' lang='lat' dir='ltr'>bellum‚lllyricis</span> <span class='ocrx_word' id='word_1_160' title='bbox 417 2329 604 2389; x_wconf 88' lang='lat' dir='ltr'>exercitibus</span> <span class='ocrx_word' id='word_1_161' title='bbox 613 2330 715 2408; x_wconf 89' lang='lat' dir='ltr'>palam</span> <span class='ocrx_word' id='word_1_162' title='bbox 724 2329 974 2403; x_wconf 89' lang='lat' dir='ltr'>desciscentibus,</span> <span class='ocrx_word' id='word_1_163' title='bbox 983 2329 1094 2390; x_wconf 89' lang='lat' dir='ltr'>ceteris</span> <span class='ocrx_word' id='word_1_164' title='bbox 1115 2345 1146 2390; x_wconf 84' lang='lat' dir='ltr'>ao</span> 
     </span>
     <span class='ocr_line' id='line_1_24' title="bbox 142 2426 477 2487; baseline 0 -1"><span class='ocrx_word' id='word_1_165' title='bbox 142 2427 300 2486; x_wconf 83' lang='lat' dir='ltr'>fortunam</span> <span class='ocrx_word' id='word_1_166' title='bbox 315 2426 477 2487; x_wconf 88' lang='lat' dir='ltr'>secuturis.</span> 
     </span>
    </p>

    <p class='ocr_par' dir='ltr' id='par_1_5' title="bbox 141 2522 1144 3475">
     <span class='ocr_line' id='line_1_25' title="bbox 184 2522 1093 2604; baseline 0 -21"><span class='ocrx_word' id='word_1_167' title='bbox 184 2525 232 2584; x_wconf 82' lang='grc'>87.</span> <span class='ocrx_word' id='word_1_168' title='bbox 259 2523 342 2583; x_wconf 90' lang='lat' dir='ltr'>Dum</span> <span class='ocrx_word' id='word_1_169' title='bbox 358 2526 434 2583; x_wconf 89' lang='lat' dir='ltr'>haec</span> <span class='ocrx_word' id='word_1_170' title='bbox 448 2543 504 2603; x_wconf 92' lang='lat' dir='ltr'>per</span> <span class='ocrx_word' id='word_1_171' title='bbox 517 2522 692 2602; x_wconf 87' lang='lat' dir='ltr'>provincias</span> <span class='ocrx_word' id='word_1_172' title='bbox 707 2543 725 2584; x_wconf 87' lang='lat' dir='ltr'>a</span> <span class='ocrx_word' id='word_1_173' title='bbox 739 2523 933 2604; x_wconf 85' lang='lat' dir='ltr'>Vespasiano</span> <span class='ocrx_word' id='word_1_174' title='bbox 952 2522 1093 2584; x_wconf 76' lang='lat' dir='ltr'>ducibus</span> 
     </span>
     <span class='ocr_line' id='line_1_26' title="bbox 143 2620 1092 2700; baseline -0.001 -20"><span class='ocrx_word' id='word_1_175' title='bbox 143 2640 202 2699; x_wconf 90' lang='lat' dir='ltr'>que</span> <span class='ocrx_word' id='word_1_176' title='bbox 222 2621 357 2699; x_wconf 77' lang='lat' dir='ltr'>partium</span> <span class='ocrx_word' id='word_1_177' title='bbox 378 2631 539 2700; x_wconf 87' lang='lat' dir='ltr'>geruntur,</span> <span class='ocrx_word' id='word_1_178' title='bbox 560 2620 709 2681; x_wconf 83' lang='lat' dir='ltr'>Vitellius</span> <span class='ocrx_word' id='word_1_179' title='bbox 731 2622 941 2699; x_wconf 86' lang='lat' dir='ltr'>contemptior</span> <span class='ocrx_word' id='word_1_180' title='bbox 968 2620 1000 2680; x_wconf 91' lang='lat' dir='ltr'>in</span> <span class='ocrx_word' id='word_1_181' title='bbox 1026 2621 1092 2679; x_wconf 92' lang='lat' dir='ltr'>dies</span> 
     </span>
     <span class='ocr_line' id='line_1_27' title="bbox 141 2717 1092 2798; baseline -0.002 -20"><span class='ocrx_word' id='word_1_182' title='bbox 141 2717 336 2798; x_wconf 86' lang='lat' dir='ltr'>segniorque,</span> <span class='ocrx_word' id='word_1_183' title='bbox 352 2719 390 2778; x_wconf 91' lang='lat' dir='ltr'>ad</span> <span class='ocrx_word' id='word_1_184' title='bbox 405 2717 506 2777; x_wconf 91' lang='lat' dir='ltr'>omnis</span> <span class='ocrx_word' id='word_1_185' title='bbox 520 2717 759 2797; x_wconf 85' lang='lat' dir='ltr'>municipiorum</span> <span class='ocrx_word' id='word_1_186' title='bbox 774 2718 978 2796; x_wconf 89' lang='lat' dir='ltr'>villarumque</span> <span class='ocrx_word' id='word_1_187' title='bbox 993 2736 1092 2776; x_wconf 86' lang='lat' dir='ltr'>amoe-</span> 
     </span>
     <span class='ocr_line' id='line_1_28' title="bbox 142 2813 1093 2895; baseline 0.002 -25"><span class='ocrx_word' id='word_1_188' title='bbox 142 2813 257 2873; x_wconf 89' lang='lat' dir='ltr'>nitates</span> <span class='ocrx_word' id='word_1_189' title='bbox 270 2814 425 2887; x_wconf 91' lang='lat' dir='ltr'>resistens,</span> <span class='ocrx_word' id='word_1_190' title='bbox 440 2813 530 2894; x_wconf 82' lang='lat' dir='ltr'>gravi</span> <span class='ocrx_word' id='word_1_191' title='bbox 551 2815 659 2875; x_wconf 90' lang='lat' dir='ltr'>urbem</span> <span class='ocrx_word' id='word_1_192' title='bbox 679 2815 801 2895; x_wconf 84' lang='lat' dir='ltr'>agmine</span> <span class='ocrx_word' id='word_1_193' title='bbox 822 2815 958 2894; x_wconf 85' lang='lat' dir='ltr'>petebat.</span> <span class='ocrx_word' id='word_1_194' title='bbox 1001 2815 1093 2874; x_wconf 84' lang='lat' dir='ltr'>Sexa-</span> 
     </span>
     <span class='ocr_line' id='line_1_29' title="bbox 143 2909 1144 2992; baseline 0.003 -25"><span class='ocrx_word' id='word_1_195' title='bbox 143 2909 231 2987; x_wconf 85' lang='lat' dir='ltr'>ginta</span> <span class='ocrx_word' id='word_1_196' title='bbox 245 2911 330 2969; x_wconf 90' lang='lat' dir='ltr'>milia</span> <span class='ocrx_word' id='word_1_197' title='bbox 345 2923 534 2972; x_wconf 88' lang='lat' dir='ltr'>armatorum</span> <span class='ocrx_word' id='word_1_198' title='bbox 551 2914 769 2992; x_wconf 85' lang='lat' dir='ltr'>sequebantur,</span> <span class='ocrx_word' id='word_1_199' title='bbox 784 2912 910 2972; x_wconf 89' lang='lat' dir='ltr'>licentia</span> <span class='ocrx_word' id='word_1_200' title='bbox 930 2922 1093 2991; x_wconf 89' lang='lat' dir='ltr'>corrupta;</span> <span class='ocrx_word' id='word_1_201' title='bbox 1129 2924 1144 2970; x_wconf 79' lang='lat' dir='ltr'>t</span> 
     </span>
     <span class='ocr_line' id='line_1_30' title="bbox 144 3006 1092 3089; baseline 0.003 -25"><span class='ocrx_word' id='word_1_202' title='bbox 144 3006 286 3065; x_wconf 90' lang='lat' dir='ltr'>calonum</span> <span class='ocrx_word' id='word_1_203' title='bbox 307 3027 453 3068; x_wconf 90' lang='lat' dir='ltr'>numerus</span> <span class='ocrx_word' id='word_1_204' title='bbox 474 3009 614 3088; x_wconf 91' lang='lat' dir='ltr'>amplior,</span> <span class='ocrx_word' id='word_1_205' title='bbox 635 3009 860 3089; x_wconf 84' lang='lat' dir='ltr'>procacissimis</span> <span class='ocrx_word' id='word_1_206' title='bbox 888 3009 983 3069; x_wconf 91' lang='lat' dir='ltr'>etiam</span> <span class='ocrx_word' id='word_1_207' title='bbox 1010 3008 1092 3068; x_wconf 92' lang='lat' dir='ltr'>inter</span> 
     </span>
     <span class='ocr_line' id='line_1_31' title="bbox 143 3103 1092 3185; baseline 0.001 -23"><span class='ocrx_word' id='word_1_208' title='bbox 143 3122 247 3162; x_wconf 90' lang='lat' dir='ltr'>scrvos</span> <span class='ocrx_word' id='word_1_209' title='bbox 269 3103 400 3163; x_wconf 88' lang='lat' dir='ltr'>lixarum</span> <span class='ocrx_word' id='word_1_210' title='bbox 422 3105 572 3184; x_wconf 85' lang='lat' dir='ltr'>ingeniis3</span> <span class='ocrx_word' id='word_1_211' title='bbox 600 3114 648 3166; x_wconf 92' lang='lat' dir='ltr'>tot</span> <span class='ocrx_word' id='word_1_212' title='bbox 669 3106 841 3185; x_wconf 84' lang='lat' dir='ltr'>legatorum</span> <span class='ocrx_word' id='word_1_213' title='bbox 862 3105 1092 3183; x_wconf 88' lang='lat' dir='ltr'>amicorumque</span> 
     </span>
     <span class='ocr_line' id='line_1_32' title="bbox 143 3198 1093 3280; baseline 0.002 -24"><span class='ocrx_word' id='word_1_214' title='bbox 143 3198 309 3260; x_wconf 89' lang='lat' dir='ltr'>comitatus</span> <span class='ocrx_word' id='word_1_215' title='bbox 338 3200 484 3262; x_wconf 91' lang='lat' dir='ltr'>inhabilis</span> <span class='ocrx_word' id='word_1_216' title='bbox 512 3201 552 3260; x_wconf 90' lang='lat' dir='ltr'>ad</span> <span class='ocrx_word' id='word_1_217' title='bbox 580 3202 761 3280; x_wconf 89' lang='lat' dir='ltr'>parendum,</span> <span class='ocrx_word' id='word_1_218' title='bbox 789 3201 884 3261; x_wconf 91' lang='lat' dir='ltr'>etiam</span> <span class='ocrx_word' id='word_1_219' title='bbox 918 3201 944 3261; x_wconf 91' lang='lat' dir='ltr'>si</span> <span class='ocrx_word' id='word_1_220' title='bbox 975 3205 1093 3260; x_wconf 84' lang='lat' dir='ltr'>summa</span> 
     </span>
     <span class='ocr_line' id='line_1_33' title="bbox 143 3295 1092 3376; baseline 0 -23"><span class='ocrx_word' id='word_1_221' title='bbox 143 3295 296 3356; x_wconf 90' lang='lat' dir='ltr'>modestia</span> <span class='ocrx_word' id='word_1_222' title='bbox 309 3308 480 3376; x_wconf 85' lang='lat' dir='ltr'>regeretur.</span> <span class='ocrx_word' id='word_1_223' title='bbox 516 3297 696 3358; x_wconf 86' lang='lat' dir='ltr'>Onerabant</span> <span class='ocrx_word' id='word_1_224' title='bbox 710 3297 940 3357; x_wconf 89' lang='lat' dir='ltr'>multitudinem</span> <span class='ocrx_word' id='word_1_225' title='bbox 955 3296 1039 3356; x_wconf 87' lang='lat' dir='ltr'>obvii</span> <span class='ocrx_word' id='word_1_226' title='bbox 1054 3315 1092 3353; x_wconf 87' lang='lat' dir='ltr'>ex</span> 
     </span>
     <span class='ocr_line' id='line_1_34' title="bbox 143 3392 1144 3475; baseline -0.002 -24"><span class='ocrx_word' id='word_1_227' title='bbox 143 3393 219 3452; x_wconf 88' lang='lat' dir='ltr'>urbe</span> <span class='ocrx_word' id='word_1_228' title='bbox 247 3403 406 3454; x_wconf 84' lang='lat' dir='ltr'>senatores</span> <span class='ocrx_word' id='word_1_229' title='bbox 434 3395 623 3475; x_wconf 89' lang='lat' dir='ltr'>equitesque,</span> <span class='ocrx_word' id='word_1_230' title='bbox 647 3394 773 3475; x_wconf 89' lang='lat' dir='ltr'>quidam</span> <span class='ocrx_word' id='word_1_231' title='bbox 800 3408 897 3468; x_wconf 91' lang='lat' dir='ltr'>metu,</span> <span class='ocrx_word' id='word_1_232' title='bbox 920 3392 1011 3453; x_wconf 92' lang='lat' dir='ltr'>multi</span> <span class='ocrx_word' id='word_1_233' title='bbox 1039 3411 1094 3470; x_wconf 87' lang='lat' dir='ltr'>per</span> <span class='ocrx_word' id='word_1_234' title='bbox 1116 3407 1144 3450; x_wconf 84' lang='lat' dir='ltr'>ro</span> 
     </span>
    </p>
   </div>
   <div class='ocr_carea' id='block_1_5' title="bbox 0 0 1294 3944">
    <p class='ocr_par' dir='ltr' id='par_1_6' title="bbox 0 0 1294 3944">
     <span class='ocr_line' id='line_1_35' title="bbox 0 0 1294 3944; baseline 0 0"><span class='ocrx_word' id='word_1_235' title='bbox 0 0 1294 3944; x_wconf 95' lang='lat' dir='ltr'> </span> 
     </span>
    </p>
   </div>
  </div>
 </body>
</html>
