2580 3944
175 134 240 200 136
457 146 657 199 monem
676 148 894 201 raonmss.

227 303 326 384 spolia
338 305 370 364 in
381 306 494 384 vulgus
508 305 672 367 cedebant.
700 305 801 367 Saeva
810 326 848 367 ac
857 304 1011 369 totunm
1024 310 1116 375 urbe
1130 325 1207 379 m

226 402 338 461 l'acies:
358 401 432 461 alibi
453 401 572 481 proelia
584 415 618 462 et
630 403 768 475 vulnera,
781 401 856 463 alibi
873 402 1019 466 balineae
1039 413 1206 491 popina.

227 518 305 577 que3
326 498 416 557 simul
438 518 529 558 cruor
549 509 582 559 et
602 509 702 560 strues
721 519 896 578 corporum,
910 499 1008 581 juxta
1028 518 1147 569 socru
1166 520 1203 571 et

174 609 205 655 10
226 593 336 655 scortis
356 595 489 668 similes3
514 595 718 673 quantumin
739 595 895 656 luxurioso
916 596 982 656 otio
1003 598 1200 680 libidinum,

227 690 381 770 quidquid
401 691 434 751 iu
454 691 652 751 acerbissima
671 691 854 770 captivitate
875 693 1041 769 scelerum,
1057 717 1200 776 prorsus

227 798 263 847 ut
285 787 416 847 eandem
439 787 600 847 civitatem
624 799 658 846 et
679 788 783 847 furere
805 789 945 850 crederes
968 801 1003 851 et
1028 792 1198 861 lascivire.

229 884 439 944 conflixerant
453 894 481 943 et
494 896 566 944 aute
581 884 692 943 arnmti
707 884 862 946 exercitus
874 886 908 946 in
922 887 1009 962 urbe,
1019 889 1072 952 bis
1086 891 1198 957 Lucio

228 980 322 1052 Sulla,
336 982 430 1039 semel
447 980 548 1040 Cinna
560 980 742 1054 victoribus,
756 1002 815 1041 nec
832 992 909 1043 tuno
927 984 1034 1046 minus
1054 991 1198 1053 crudeli-

173 1093 204 1136 15
226 1076 319 1136 tatis:
341 1096 422 1135 nunc
437 1076 606 1135 inhumana
619 1078 770 1138 securitas
786 1089 820 1139 et
839 1099 879 1140 ne
899 1079 1031 1143 minimo
1053 1086 1197 1166 quidem

226 1173 376 1251 temporis
390 1174 568 1252 voluptates
582 1174 794 1236 intermissae:
814 1178 902 1237 velut
915 1177 1006 1239 festis
1019 1179 1142 1245 diebus
1156 1186 1196 1247 id

226 1290 349 1350 quoque
376 1271 526 1350 gaudium
554 1272 725 1347 accederet,
754 1274 961 1348 exsultabant,
983 1274 1194 1359 fruebantur,

226 1368 312 1428 nulla
326 1368 461 1448 partium
476 1388 559 1442 cura,
574 1369 663 1428 malis
677 1370 808 1449 publicis
820 1370 906 1432 laeti.

267 1465 314 1524 84.
343 1464 517 1524 Plurimum
527 1466 618 1526 molis
631 1467 662 1525 in
674 1468 906 1546 oppugnatione
920 1476 1100 1532 castrorum
1111 1473 1193 1552 fuit,

225 1580 304 1640 quae
316 1561 484 1621 acerrimus
493 1562 622 1642 quisque
635 1575 670 1624 ut
681 1563 880 1623 novissimam
890 1583 977 1644 spem
986 1565 1191 1634 retinebant.

225 1657 274 1716 Eo
301 1657 452 1718 intentius
475 1659 619 1732 victores,
641 1660 807 1740 praecipuo
834 1671 977 1721 veterum
1001 1663 1192 1729 cohortium

225 1754 339 1828 studio,
354 1765 468 1814 cuncta
482 1755 740 1817 validissimarum
760 1757 882 1817 urbium
902 1756 1034 1818 excidiis
1053 1775 1192 1840 reperta

223 1851 314 1912 simul
336 1851 514 1923 admovent,
535 1853 733 1925 testudinem,
746 1864 912 1925 tormenta,
924 1872 1066 1932 aggeres,
1085 1858 1190 1921 faces-

225 1970 293 2029 que,
306 1949 457 2029 quidquid
472 1959 521 2008 tot
536 1949 661 2028 proeliis
674 1949 789 2009 laboris
803 1968 839 2010 ac
852 1950 981 2029 periculi
991 1950 1188 2031 hausissent,

225 2066 318 2125 opere
347 2047 399 2106 illo
427 2045 634 2107 consummari
661 2044 866 2105 clamitantes.
907 2045 1028 2107 Urbem
1054 2054 1189 2115 serratui

225 2163 261 2204 ac
274 2145 390 2224 populo
405 2143 559 2216 Romano,
572 2142 690 2220 templa
703 2142 752 2202 dis
765 2142 908 2202 reddita:
928 2142 1092 2221 proprium
1112 2169 1187 2211 esee

224 2241 332 2301 militis
348 2240 441 2301 decus
454 2241 487 2300 in
503 2239 630 2300 eastris:
644 2239 729 2297 illam
743 2238 886 2317 patriam,
897 2238 965 2297 illos
979 2250 1136 2317 penates:
1150 2247 1189 2307 ni

171 2352 202 2398 10
223 2338 328 2398 statim
344 2337 544 2417 recipiuntur,
558 2347 682 2397 noctem
697 2335 730 2395 in
744 2334 838 2394 armis
852 2334 1014 2413 agendam.
1057 2335 1189 2405 Contra

224 2433 398 2508 Vitelliani,
413 2454 589 2513 quanquam
604 2451 735 2493 numero
756 2431 881 2510 fatoque
896 2431 1045 2509 dispares,
1058 2432 1190 2515 inquio.

224 2542 292 2592 tare
314 2531 487 2603 victoriam,
507 2530 620 2590 morari
643 2549 761 2609 pacem,
783 2528 892 2587 domos
913 2545 1043 2606 arasque
1064 2549 1187 2597 cruore

223 2627 360 2701 foedare,
374 2646 518 2706 suprema
532 2625 623 2686 victis
637 2626 752 2686 solacia
765 2622 1042 2703 amplectebantur.
1081 2624 1190 2695 bituiti

223 2724 418 2782 semianimes
438 2741 530 2799 super
543 2732 644 2781 turres
658 2733 691 2781 et
705 2720 939 2802 propugnacula
951 2718 1115 2783 moenium
1128 2746 1190 2788 ex.

170 2835 201 2878 15
223 2819 395 2898 spiravere:
422 2818 577 2877 convulsis
597 2818 696 2897 portis
717 2819 855 2899 reliquus
873 2817 985 2896 globus
1004 2816 1126 2880 obtulit
1146 2842 1188 2885 se

223 2913 410 2987 victoribus3
437 2924 470 2972 et
493 2914 632 2974 cecidere
660 2933 769 2975 omues
795 2913 959 2974 contrariis
983 2912 1187 2997 vulneribus,

223 3010 305 3070 versi
327 3011 358 3069 in
381 3011 524 3070 bostem:
551 3029 588 3070 ea
615 3030 690 3071 cura
716 3012 812 3070 etiam
838 3008 1043 3071 morientibus
1064 3010 1186 3079 decori

223 3106 326 3166 exitus
343 3106 414 3166 tuit.

263 3202 420 3276 Vitellius,
441 3213 533 3281 capta
553 3204 639 3278 urbe,
664 3224 721 3284 per
747 3224 888 3266 aversam
908 3203 1022 3266 Palatii
1047 3217 1184 3285 partem

224 3298 417 3359 Aventinum
445 3298 477 3358 in
503 3300 629 3359 domum
651 3302 755 3360 uxoris
775 3302 886 3361 sellula
906 3303 1055 3376 defertur,
1077 3314 1129 3379 ut,
1153 3310 1185 3372 si

222 3394 307 3454 diem
330 3395 448 3456 latebra
467 3395 637 3469 vimi'isset,
658 3396 859 3457 'Parracinam
883 3399 922 3458 ad
947 3398 1093 3460 cobortes
1117 3404 1186 3467 fra.
