2580 3944
372 127 575 177 mummi
596 128 707 176 amun
729 125 931 176 succubus.
1106 111 1148 179 tr

285 471 543 539 ANNALIUM
574 472 717 538 LIBER
747 469 1006 538 SECUNDUS.

200 674 249 734 12.
290 674 404 734 Caesar
417 683 627 754 transgressus
640 673 801 752 Visurgim
818 672 935 733 indicio
949 672 1096 754 perfugas

143 769 307 850 cognoscit
326 770 483 831 delectum
503 772 543 830 ab
563 770 707 831 Arminio
731 771 835 829 locum
855 789 999 849 puguae3
1026 789 1097 830 con·

143 870 266 932 venisse
280 880 314 931 ct
326 870 402 930 alias
415 871 557 931 nationes
578 871 610 930 in
632 871 742 930 silvam
759 870 885 930 Herculi
907 889 1025 929 sacram
1046 890 1097 929 au-

144 986 293 1046 surosque
301 977 484 1027 nocturnam
494 977 665 1027 castrorum
675 969 948 1046 oppugnationem.
977 966 1096 1026 Habita

143 1063 243 1124 indici
255 1064 334 1124 fides
347 1074 380 1125 et
393 1065 601 1126 cernebantur
614 1065 717 1144 ignes3
739 1065 954 1144 suggressique
968 1063 1095 1143 propius
1133 1079 1149 1123 5

144 1161 352 1241 speculatores
371 1161 472 1221 audiri
491 1161 649 1221 fremitum
669 1181 817 1241 equorum
838 1161 1042 1238 immensique
1063 1171 1097 1221 et

143 1257 298 1319 inconditi
312 1259 443 1339 agminis
457 1278 596 1319 murmur
615 1259 757 1318 attulere.
800 1258 901 1336 Igitur
921 1257 1095 1336 propinquo

144 1373 282 1416 summae
309 1355 355 1415 rei
376 1356 552 1417 discrimine
580 1356 786 1436 explorandos
813 1355 949 1414 militum
977 1354 1096 1414 animos

144 1461 240 1526 ratus,
251 1472 385 1532 quonam
399 1453 432 1512 id
443 1453 537 1513 modo
551 1453 766 1532 incorruptum
780 1452 870 1524 foret,
881 1471 986 1511 secum
1000 1451 1095 1530 agita·

143 1549 208 1609 bat.
249 1549 404 1611 Tribunos
418 1560 450 1610 et
464 1550 660 1610 centuriones
674 1550 757 1608 laeta
770 1549 893 1628 saepius
910 1568 1002 1628 quam
1017 1568 1097 1608 com·
1118 1563 1148 1609 10

144 1657 234 1725 perta
241 1647 393 1722 nuntiare,
404 1647 586 1707 libertorum
597 1647 721 1706 servilia
731 1646 864 1726 ingenia,
876 1646 983 1706 amicis
996 1647 1095 1706 inesse

144 1743 352 1804 adulationem
364 1763 372 1818 ;
386 1745 412 1805 si
426 1744 535 1804 concio
550 1755 687 1816 vocetur,
699 1744 762 1803 illio
776 1763 898 1822 quoque
912 1763 991 1823 quae
1005 1744 1095 1822 pauci

144 1839 295 1920 incipiant
309 1842 442 1921 reliquos
458 1855 624 1920 astrepere.
666 1840 799 1900 Penitus
819 1841 991 1900 noscendas
1012 1860 1096 1900 men-

143 1948 202 2011 tes,
213 1957 283 1998 oum
297 1939 406 2000 secreti
421 1950 454 2000 et
467 1939 650 1999 incustoditi
664 1938 746 1998 inter
756 1938 898 1998 militaris
909 1937 993 1999 cibos
1008 1958 1094 2018 spem

144 2047 200 2096 aut
214 2048 331 2097 metum
345 2038 530 2118 proferrent.
1116 2050 1147 2096 tt

199 2135 247 2193 13.
287 2133 391 2196 Nocte
406 2145 518 2214 coepta
531 2154 671 2215 egressus
686 2134 825 2214 augurali
846 2154 902 2214 per
924 2134 1045 2194 occulta
1062 2144 1095 2194 et

143 2229 291 2309 vigilibus
303 2232 419 2312 ignara,
434 2232 549 2293 comite
564 2252 636 2306 uno,
651 2243 811 2293 contectus
829 2232 974 2289 humeros
994 2230 1095 2290 ferina

144 2328 236 2406 pelle,
250 2328 316 2389 adit
330 2338 501 2390 castrorum
515 2329 592 2401 vias,
608 2329 724 2389 assistit
745 2327 950 2388 tabernaculis
971 2326 1095 2386 fruitur-

144 2442 204 2503 que
218 2423 301 2485 fama
314 2425 371 2499 sui,
383 2445 453 2485 oum
468 2426 518 2486 hic
532 2426 728 2486 nobilitatem
738 2424 835 2496 ducis,
847 2425 992 2483 decorem
1007 2423 1094 2495 alius,

144 2519 268 2601 plurimi
282 2521 475 2600 patientiam,
489 2523 679 2595 comitatem,
689 2542 745 2601 per
760 2521 840 2581 seris
853 2541 908 2600 per
921 2521 1009 2600 jocos
1023 2540 1095 2579 eun·
1131 2534 1148 2578 o

144 2618 217 2676 dem
231 2618 366 2678 animum
387 2619 531 2680 laudibus
551 2619 679 2693 ferrent,
693 2618 946 2697 reddendamque
960 2618 1094 2697 gratiam

144 2714 175 2774 in
204 2715 269 2774 acie
296 2715 480 2790 faterentur,
504 2715 596 2775 simul
622 2716 757 2795 perfidos
784 2725 816 2774 et
844 2725 986 2794 ruptores
1009 2715 1094 2794 pacis

143 2810 255 2871 ultioni
270 2821 301 2871 et
316 2813 432 2890 gloriae
446 2813 637 2872 mactandos.
665 2811 752 2872 inter
763 2831 840 2892 quae
855 2832 934 2872 unus
948 2811 1094 2885 hostium,

144 2905 274 2969 Latinae
285 2909 409 2988 linguae
421 2910 529 2982 sciens,
541 2919 611 2969 acto
626 2909 664 2969 ad
676 2909 792 2968 vallum
804 2928 883 2988 equo
893 2928 970 2968 voco
981 2927 1095 2987 magna

144 3003 293 3084 conjuges
306 3013 339 3065 et
354 3024 444 3085 agros
458 3016 490 3067 et
504 3005 653 3084 stipendii
667 3005 699 3065 in
713 3005 789 3079 dies,
802 3005 902 3065 donec
915 3005 1093 3077 bellaretur,
1115 3017 1146 3063 10

144 3101 303 3162 sestertios
314 3112 471 3176 centenos,
480 3102 506 3162 si
514 3103 581 3182 quis
591 3101 815 3180 transfugisset,
825 3101 959 3161 Arminii
967 3101 1093 3161 nomine

143 3197 319 3275 pollicetur.
359 3197 506 3258 incendit
520 3218 557 3258 ea
571 3199 758 3258 contumelia
772 3197 929 3276 legionum
943 3198 1021 3257 iras:
1042 3217 1094 3257 ve-
1119 3274 1124 3282 Δ

143 3292 225 3352 niret
240 3293 315 3367 dies,
330 3294 458 3354 duretur
470 3314 590 3375 pugna3
611 3304 806 3373 sumpturum
820 3294 952 3354 militem
967 3293 1092 3353 Germa-

143 3408 254 3450 norum
275 3409 375 3471 agros,
395 3399 568 3452 tracturum
590 3391 754 3470 conjuges3
779 3390 917 3470 accipere
938 3409 1039 3464 omen,
1060 3399 1092 3448 et

632 3510 665 3558 31
