2580 3944
300 110 502 160 Annnmun
523 111 633 159 mnne
657 112 817 170 curreres
841 113 1013 160 enerues.
1116 98 1156 162 75

152 268 307 337 tabernas,
328 267 439 347 quibus
458 268 492 327 id
513 269 748 329 mercimonium
776 270 876 328 inerat
897 290 958 348 quc
979 271 1104 329 flemma

151 365 257 438 alitur,
268 364 360 424 simul
380 374 508 443 coeptus
529 365 610 444 ignis
631 378 663 426 et
683 366 790 425 statim
808 366 929 425 validus
952 387 986 426 ac
1008 379 1103 426 vento

151 460 234 521 citus
246 460 477 539 longitudinem
492 461 565 521 eirei
580 462 748 540 corripuit:
771 483 869 540 neque
888 463 971 521 enim
993 464 1103 522 domus

151 556 353 617 munimentis
372 568 479 635 septae
500 559 550 616 vel
575 561 692 636 templu
713 560 807 617 muris
830 560 930 617 einetu
952 573 1005 618 :rut
1027 561 1102 638 quid

102 680 105 684 Δ
150 654 238 713 aliud
253 674 358 713 morae
376 654 591 734 interjacebat.
632 655 755 734 Impetu
778 668 980 734 pervagatum
1004 657 1105 715 iucen-
1127 673 1155 716 10

151 750 241 810 diurn
254 752 347 830 plana
360 751 503 830 primum,
518 752 632 810 deinde
647 752 679 810 in
695 753 779 811 editu
801 773 971 830 assurgens,
987 765 1019 811 et
1041 774 1102 811 rur-

149 866 203 906 sus
218 846 364 906 inferiora
375 848 563 927 populando,
577 849 686 907 anteiit
701 849 838 906 remedia
851 849 1012 906 uelocitate
1028 850 1101 907 muli

151 954 186 1005 et
199 944 334 1004 obnoxiu
347 945 422 1005 urbe
444 946 520 1005 artis
540 944 703 1005 itineribus
725 947 845 1024 hucque
866 956 898 1004 et
920 946 992 1004 illuc
1014 947 1101 1005 flexis

151 1051 245 1120 atque
273 1042 450 1102 enormibus
475 1042 561 1114 vicie,
583 1043 681 1119 qualis
704 1055 793 1101 retus
815 1043 916 1101 Romu
939 1043 1006 1101 suit.
1048 1044 1101 1101 Ad

150 1138 211 1198 hoc
232 1139 366 1197 lamenta
387 1139 568 1218 paventium
590 1139 784 1211 feminarum,
800 1140 880 1197 sessu
897 1140 1031 1218 [aetate]
1049 1152 1102 1198 aut
1125 1155 1154 1198 15

81 1259 87 1270 ¹
149 1234 238 1295 rudis
254 1234 436 1316 [pueritiae]
452 1250 547 1308 aetas,
562 1235 675 1314 quique
697 1236 755 1295 sibi
770 1237 883 1314 quique
906 1236 973 1294 aliis
995 1257 1101 1295 eonsu-

148 1331 267 1404 lebant,
289 1333 363 1391 durn
384 1334 512 1392 trahunt
537 1332 690 1391 invalidos
716 1344 769 1391 :rut
792 1333 1006 1410 opperiuntur,
1029 1353 1098 1410 pars

149 1448 246 1502 mora,
267 1448 338 1507 pars
365 1429 525 1501 festinans,
547 1441 659 1488 cuncta
686 1430 915 1507 impediebant:
945 1441 977 1488 et
998 1450 1098 1508 saepe,

149 1525 226 1584 dum
241 1525 271 1585 in
286 1536 409 1604 tergum
423 1536 611 1604 respectant,
623 1526 771 1585 luteribus
788 1537 841 1584 :rut
856 1529 957 1584 trente
973 1527 1100 1586 eircum-

148 1622 363 1696 veniebantur,
379 1625 429 1682 vel
450 1624 476 1682 si
493 1623 525 1681 in
547 1624 687 1701 proximu
709 1636 880 1696 eraserunt,
897 1625 956 1683 illis
978 1645 1099 1703 <pioque
1122 1640 1152 1684 20

148 1717 216 1797 igni
238 1720 397 1798 correptis,
423 1721 517 1780 etiarn
543 1740 620 1798 quae
646 1720 815 1799 longinqua
841 1722 1038 1780 erediderunt
1067 1722 1098 1780 in

148 1817 259 1875 eodem
275 1836 345 1877 casu
361 1818 565 1897 reperiebant.
595 1817 767 1889 Postremo,
783 1819 855 1897 quiri
873 1820 1008 1878 vitarent
1024 1820 1098 1897 quirl

148 1923 292 1991 peterent
307 1915 451 1994 ambigui,
467 1916 621 1994 complere
636 1916 711 1987 vius,
726 1918 821 1974 sterni
837 1937 892 1994 per
907 1937 1014 1996 agros3
1037 1918 1099 1995 qui-

145 2009 220 2068 dam
243 2010 361 2071 arnissis
383 2013 525 2072 omnibus
552 2012 696 2085 fortunis
719 2014 819 2071 diurni
842 2035 964 2092 quoque
987 2014 1097 2086 vietus,

149 2107 200 2165 alii
216 2109 342 2167 caritate
357 2130 490 2175 suorum,
506 2130 582 2189 quos
598 2110 714 2188 eripere
731 2112 945 2188 nequiverunt,
958 2113 1098 2188 quumvis
1120 2126 1151 2170 25

148 2215 276 2283 putente
301 2205 416 2286 effugio
445 2208 600 2266 interiere.
651 2207 720 2266 Nec
745 2208 907 2285 qnisquam
932 2209 1097 2267 det'eruierc

147 2303 292 2376 audebat,
308 2305 422 2364 crebris
437 2307 604 2364 multorum
620 2305 711 2363 minis
727 2304 919 2382 restinguere
938 2304 1098 2381 prohiben-

146 2399 235 2474 tium,
251 2411 284 2460 et
299 2402 371 2481 quia
385 2402 437 2460 alii
452 2404 553 2481 palum
575 2402 658 2460 faces
678 2401 836 2480 jaciebant
851 2412 943 2478 utque
959 2421 1023 2459 esse
1039 2401 1097 2459 sibi

146 2506 306 2556 auctorem
321 2499 580 2570 vociferabuntur,
595 2498 660 2556 sire
676 2511 709 2555 ut
725 2509 830 2576 raptus
850 2497 993 2556 licentius
1015 2518 1098 2556 exer-

144 2605 263 2666 cerent,
278 2614 331 2653 seu
351 2597 448 2674 jussu.
1119 2611 1149 2655 30

187 2691 235 2749 39.
271 2690 319 2749 Eo
340 2692 370 2749 in
393 2702 532 2770 ternpore
554 2693 640 2751 Nero
659 2690 748 2752 Antii
771 2711 864 2768 agens
886 2712 947 2751 non
970 2703 1041 2751 ante
1064 2691 1096 2751 in

145 2787 255 2845 urbem
276 2808 432 2865 regressus
454 2802 510 2861 est,
532 2810 623 2869 quam
645 2789 751 2847 domui
774 2790 847 2866 ejus,
863 2810 923 2867 qun
939 2789 1095 2847 Palatium

145 2891 178 2940 et
190 2882 382 2943 Maecenatis
394 2886 499 2945 hortos
512 2885 756 2956 continuaverat,
770 2885 849 2960 ignis
862 2887 1094 2964 propinquaret.

147 2978 257 3058 Neque
269 2990 373 3039 tamen
387 2979 452 3039 sisti
464 2982 576 3059 potuit,
589 2982 661 3060 quin
678 2991 710 3040 et
725 2980 881 3040 Palatium
894 2993 925 3040 ct
937 2983 1047 3040 ‹lonms
1063 2993 1095 3042 et

145 3088 258 3136 cuncta
269 3077 385 3135 circum
398 3078 603 3137 haurirentur.
633 3078 695 3136 Sed
707 3079 852 3135 solarium
866 3079 980 3156 populo
991 3089 1093 3137 extur—
1132 3093 1147 3137 5

144 3172 219 3232 bato
235 3193 270 3232 ac
285 3173 417 3251 profugo
433 3193 576 3252 eampum
589 3173 700 3232 Mortis
717 3193 752 3231 ac
766 3185 967 3233 monumenta
982 3174 1094 3252 Agrip-

144 3270 1094 3349 pne,hortosquinetiarnsncspatci'ecit,etsubituriaaetlitieia

144 3366 300 3426 exstruxit
314 3386 392 3444 quae
410 3367 643 3426 multitudinem
665 3367 789 3445 inopem
812 3367 1004 3445 acciperent,
1025 3367 1094 3424 sub
