2580 3944
143 135 264 197 gentibus
276 132 350 181 donis
362 131 522 182 adulterium
534 137 561 181 et
574 147 645 192 mox,
657 138 687 182 ut
703 133 837 182 omitteret
854 134 987 192 maritum,
999 144 1146 184 emereatur

145 214 201 278 (13:
213 214 272 275 44);
284 214 388 263 firmato
401 214 477 262 vultu
488 213 550 262 Piso
561 213 687 263 adversus
700 221 809 272 metum,
822 213 993 263 Germanicus
1006 229 1038 265 ne
1050 215 1145 263 minari

142 296 294 344 crederetur
314 294 354 356 ll:
375 294 433 355 bil:
455 308 566 356 gnarum
588 295 726 343 meliorum
749 302 776 343 et
794 310 862 357 quae
884 294 957 344 fama
977 297 1145 344 clementiam

142 381 296 438 sequeretur
308 373 348 437 (4²
365 373 424 436 31);
441 374 579 423 altitudine
591 375 672 422 animi
688 390 723 422 an
740 383 902 438 compererat
914 375 1018 425 modica
1033 391 1090 426 esse
1104 377 1144 438 (3²

142 456 201 515 att:
216 455 290 503 nullo
302 461 374 503 metu
385 469 419 503 an
430 461 460 503 ut
469 454 658 503 firmitudinem
676 455 757 503 animi
774 462 917 505 ostentaret
931 456 970 516 ll:
982 456 1023 516 8);
1042 456 1088 506 14:
1103 457 1144 515 12;

144 537 188 585 15;
201 535 240 584 28.
274 534 332 584 The
348 534 469 584 invented
486 534 563 584 order
580 535 602 583 is
616 550 680 597 very
692 550 766 585 rare:
784 551 820 592 as.
832 536 982 585 mederetur
998 536 1076 586 fessis
1093 553 1145 587 neu

142 617 413 665 mortem-orabant
431 616 512 677 (Arm.
532 615 560 664 1:
583 614 641 676 35);
666 616 712 665 sed
735 616 1034 679 quod-quaesivisset,
1051 618 1146 667 bellica

143 711 246 760 quoque
260 696 408 746 Germanici
420 696 511 758 gloria,
521 697 669 757 augebatur
682 698 723 758 (lt
736 697 787 758 52).

187 777 241 838 (13)
264 776 308 825 An
316 774 433 840 adjective
445 791 474 825 or
483 775 610 839 participle
621 777 673 825 aad
684 792 700 825 a
705 776 772 839 final
782 785 901 825 sentence:
913 777 947 825 H.
960 776 987 826 3:
999 777 1015 826 3
1022 793 1029 838 ;
1042 793 1146 840 gnarus,

142 870 173 906 ae
192 871 225 906 ne
244 857 287 918 (δε
307 857 350 918 46)
360 873 367 916 ;
387 856 497 906 illiciens
515 857 999 919 Germanos-utque-iasisteretur
1016 859 1097 917 (Anu.
1117 860 1146 907 2:

142 937 202 999 62);
221 938 267 987 13:
284 937 323 985 39.

187 1018 239 1079 llil
267 1016 417 1066 Conditional
427 1024 539 1066 semensas
551 1017 603 1067 and
608 1016 677 1081 final
687 1033 717 1067 or
727 1017 840 1082 temporat
851 1026 981 1068 sentences:
993 1021 1015 1069 si
1028 1020 1146 1070 defensio

142 1099 277 1148 audiretur
288 1105 369 1160 utque
381 1098 485 1147 clausae
498 1113 573 1148 aures
586 1099 666 1147 etiam
678 1098 816 1149 confitenti
832 1099 920 1149 forent
934 1101 1014 1162 (Ann.
1028 1102 1056 1150 ll
1066 1118 1071 1150 :
1083 1101 1143 1164 28);

143 1177 496 1240 si-ubi(1:lt);t:17.

188 1260 241 1321 (15)
265 1258 367 1308 Perseus
384 1259 437 1308 and
455 1257 548 1322 things.-
570 1259 679 1309 laudare
696 1260 861 1321 modestiam,
879 1260 1004 1324 disjectos
1025 1277 1145 1312 coercere

144 1340 152 1400 l
157 1340 220 1402 Agr.
233 1340 291 1399 20l3
308 1340 417 1389 erimina
429 1345 456 1389 et
466 1340 586 1390 innoxios
598 1341 677 1403 (Ana.
689 1343 701 1391 l
711 1357 717 1389 :
729 1342 788 1402 stu
804 1342 1145 1392 insontibus-manifestis

142 1420 248 1482 flagitiis
268 1420 326 1482 (122
342 1420 395 1481 26).

186 1503 199 1562 ἓ
219 1503 272 1550 120.
298 1500 473 1549 Ceordination
490 1501 583 1549 instead
598 1503 629 1566 ff
640 1501 831 1551 Subordr'nation.
858 1502 907 1552 His
919 1503 1048 1566 tendeney
1061 1510 1089 1553 to
1101 1505 1145 1554 the

142 1582 301 1631 coordinata
322 1597 352 1631 or
370 1583 440 1632 loose
460 1589 642 1644 arrangement
659 1582 688 1631 of
710 1591 845 1633 sentences
863 1598 974 1646 appears
996 1591 1065 1633 most
1087 1600 1146 1633 eon·

143 1662 292 1724 spicuously
310 1662 336 1710 in
354 1662 399 1711 the
416 1662 539 1725 frequent
556 1677 603 1711 use
622 1663 651 1711 of
668 1663 712 1712 the
729 1663 793 1721 real,
811 1663 863 1712 and
878 1664 909 1712 of
921 1665 965 1714 the
986 1664 1145 1726 explieative

142 1742 296 1803 asyndeton,
304 1757 333 1791 as
342 1743 368 1791 in
377 1744 542 1805 parenthetic
551 1743 716 1806 expressions
728 1744 769 1806 (§§
779 1744 906 1806 70-75),
913 1744 965 1794 and
974 1745 1145 1809 particularly

142 1824 169 1872 in
188 1825 232 1872 the
249 1824 384 1886 following
400 1840 488 1875 cases:

187 1904 225 1964 (a)
249 1904 305 1953 The
314 1905 474 1956 coordinate
483 1908 593 1970 particle
603 1917 624 1957 et
637 1909 736 1958 instead
746 1909 775 1959 of
785 1926 854 1973 qaum
866 1910 892 1959 in
904 1925 920 1959 a
931 1910 1059 1974 temporat
1071 1926 1145 1960 sense

144 1985 170 2046 (ξ
187 1984 238 2044 62).

188 2065 222 2126 (b)
245 2063 279 2112 Et
296 2064 453 2129 irregularly
470 2068 632 2129 introduced,
648 2071 756 2134 namely
772 2072 860 2122 before
874 2071 1025 2136 participles.-
1042 2089 1146 2123 manan-

143 2154 190 2204 tes,
210 2153 259 2195 etc.
279 2145 359 2205 (Anu.
376 2149 404 2196 2:
421 2148 479 2209 23);
498 2151 542 2200 12:
561 2151 607 2210 673
630 2153 697 2202 adeo
717 2160 747 2202 ut
764 2154 833 2203 Nem
853 2169 932 2216 aeger
949 2156 1099 2205 valetudine
1119 2161 1146 2205 et

142 2234 311 2284 adulantibus
328 2235 434 2293 circum,
451 2236 504 2299 qui,
521 2243 570 2285 ete.
589 2236 647 2297 (¹4²
665 2235 726 2296 47l3
748 2235 775 2284 id
792 2237 897 2297 egregio
916 2237 964 2285 sub
984 2236 1101 2299 principe
1118 2242 1146 2286 et

142 2316 213 2365 nulla
225 2316 381 2365 necessitate
393 2318 519 2366 obstricto
530 2317 632 2365 senatui
645 2316 812 2366 statuendum
825 2317 946 2366 disseruit
960 2317 1016 2372 (142
1034 2316 1092 2376 48);
1110 2319 1146 2365 in·

143 2397 249 2445 territus
262 2403 288 2446 et
299 2402 375 2459 parte
387 2397 522 2459 copiarum
536 2397 606 2458 apud
620 2397 723 2447 Suriam
735 2397 828 2446 relicta
841 2397 898 2459 (15.
913 2397 970 2458 12);
983 2397 1027 2445 15:
1041 2397 1087 2456 59;
1100 2398 1145 2446 16:

141 2477 165 2525 4.
199 2477 256 2527 The
269 2493 340 2527 same
353 2477 443 2527 before
454 2479 481 2527 in
495 2477 595 2542 Sallust
607 2478 658 2526 and
671 2478 747 2539 Livy.

186 2559 221 2619 (cl
245 2558 302 2608 The
321 2559 378 2607 flrst
394 2567 516 2609 sentence
536 2559 582 2607 has
600 2573 615 2607 a
632 2557 714 2606 consol
733 2559 856 2621 meaning
873 2558 950 2608 while
971 2558 1145 2608 coordinate:

142 2636 240 2686 Othoni
250 2645 338 2688 tamen
349 2639 445 2687 armari
457 2639 559 2702 plebem
572 2639 755 2698 nuntiabatur3
767 2639 803 2688 ire
815 2639 971 2701 praecipites
980 2645 1008 2688 et
1016 2653 1145 2700 occupare

142 2719 258 2780 pericula
266 2718 343 2779 jubet
356 2719 400 2779 lli.
414 2719 442 2767 l:
457 2720 519 2773 tol:
537 2719 582 2767 sed
599 2734 691 2782 parum
708 2720 843 2781 provisum
861 2725 890 2768 ut
907 2719 999 2780 copiae
1016 2719 1043 2767 in
1059 2727 1146 2767 castra

142 2799 366 2856 conveherentur;
382 2800 441 2861 rapi
452 2799 607 2861 permissere
622 2800 664 2858 (4³
682 2799 733 2860 22).

186 2875 224 2937 (d)
249 2876 307 2925 The
323 2875 380 2924 first
397 2883 518 2926 sentence
535 2877 557 2924 is
574 2874 727 2939 hypothetica!
744 2877 770 2925 in
789 2891 872 2937 sense,
887 2877 988 2938 though
1007 2883 1052 2926 not
1070 2892 1098 2925 so
1119 2876 1145 2925 in

142 2956 229 3005 form:
247 2971 309 3006 sane
326 2971 376 3018 ego
393 2957 560 3019 displiceam:
578 2963 639 3005 sunt
657 2957 701 3005 alii
720 2957 807 3018 legati,
824 2964 874 3007 etc.
894 2957 939 3019 (Η.
957 2959 988 3006 4:
1006 2959 1064 3017 usu
1083 2973 1145 3006 sane

142 3038 280 3086 eonsilium
292 3038 415 3096 occuluit,
427 3039 509 3086 telum
522 3038 590 3086 inter
600 3037 705 3098 ignaros
718 3039 837 3099 paravit:
854 3053 916 3087 num
934 3039 1059 3087 excubias
1078 3044 1146 3086 tran·

142 3119 214 3177 siret,
225 3124 274 3174 ete.
289 3117 369 3179 (Anu.
383 3117 427 3166 14:
439 3118 498 3179 44);
516 3118 648 3167 omitteret
659 3118 746 3180 potius
760 3118 920 3167 obsidionem
938 3126 980 3166 ont
998 3133 1025 3167 se
1042 3132 1144 3180 quoque

142 3204 268 3247 -eastra
279 3199 426 3260 positurum
440 3199 497 3260 (152
510 3197 567 3259 15);
582 3199 624 3246 13:
636 3199 675 3246 21.

187 3279 222 3343 (e)
245 3278 287 3341 By
298 3276 382 3326 consol
392 3277 537 3343 appositione
548 3279 645 3341 quippe
655 3279 682 3326 in
691 3279 746 3328 acie
754 3278 820 3327 nihil
829 3278 950 3341 praedae,
959 3278 1049 3340 inopes
1059 3292 1145 3339 agres-
