2580 3944
146 169 189 234 76
431 184 635 233 exemeri
655 185 872 235 asmusss.

198 354 350 423 rectaqce
370 342 515 402 utensilia
534 343 575 402 ab
594 340 686 402 Ostia
704 355 736 403 et
757 344 941 424 propinquis
960 344 1151 425 municipiis,

145 453 177 499 ιο
197 440 552 519 pretiumqueirumeuti
562 440 717 500 minutum
725 441 1150 519 usqueadternosnummos

198 536 287 607 Quae
309 557 485 615 quanquam
508 536 668 614 popularia
691 537 724 595 iu
746 537 869 595 irritum
889 538 1055 611 cadebant,
1075 542 1150 620 quia

197 647 376 713 pervaserat
391 654 497 691 rumor
516 634 584 711 ipso
604 645 745 712 tempore
765 634 925 712 flagrantis
946 636 1033 695 urbis
1053 637 1149 696 inisse

197 749 268 788 eum
283 730 485 788 domesticam
501 749 644 788 scaenam
664 744 697 788 et
717 730 865 789 cecinisse
877 733 1048 809 Trojanum
1068 735 1150 793 exci-

196 826 296 897 dium,
309 826 484 903 praeseutia
498 827 579 883 mala
593 827 725 885 vetustis
738 826 880 887 cladibus
892 830 1134 888 assimulanteru

236 923 285 980 40.
321 921 419 980 Sexto
432 922 559 980 demum
573 922 625 980 die
644 923 727 1000 apud
747 923 826 982 imas
840 923 994 1004 Esquilias
1012 926 1083 985 linis
1104 927 1149 985 in-

196 1018 309 1077 cendio
336 1019 445 1089 sactus,
470 1019 607 1095 prorutis
630 1038 687 1096 per
714 1019 899 1079 immensum
927 1022 1086 1093 aedificiis,
1109 1033 1146 1082 ut

196 1116 363 1175 continuae
379 1112 546 1174 violentiae
565 1135 694 1192 campus
714 1130 746 1176 et
767 1117 854 1176 velut
871 1137 1005 1177 vacuum
1024 1120 1147 1178 caelum

195 1224 382 1271 occurreret.
432 1211 578 1270 Necdum
602 1212 723 1290 positus
749 1227 862 1286 metus,
885 1227 918 1273 et
940 1215 1034 1274 rediit
1060 1217 1147 1275 haud

141 1325 159 1370 5
194 1309 295 1368 levius
307 1329 431 1368 rursum
443 1320 602 1387 graaeatus
615 1310 705 1388 ignis
718 1310 834 1388 patulis
847 1310 947 1389 magis
960 1311 1046 1370 urbis
1059 1312 1147 1384 locis,

195 1426 294 1486 eoque
308 1418 428 1485 strages
442 1405 604 1464 bominum
617 1406 739 1465 minor:
759 1406 890 1465 delubra
909 1408 1004 1466 deum
1024 1419 1057 1467 et
1077 1428 1147 1487 por·

195 1503 277 1562 ticus
303 1502 486 1562 amoenitati
516 1503 639 1561 dicatae
666 1502 760 1562 latius
786 1503 960 1582 procidere.
1007 1504 1146 1584 1³1quoe

195 1599 342 1658 infamiae
363 1600 396 1657 id
416 1600 595 1658 incendium
615 1600 735 1671 habuit,
748 1602 821 1679 quia
840 1601 978 1678 praediis
996 1600 1147 1679 Tigellini

194 1696 381 1755 Aemilianis
394 1711 596 1774 proruperat3
616 1697 842 1775 videbaturque
856 1697 942 1756 Nero
962 1698 1147 1757 condendae

141 1808 174 1852 ιο
195 1793 280 1852 urbis
302 1812 402 1851 norae
422 1805 454 1852 et
476 1806 684 1872 cognomento
707 1813 765 1852 suo
787 1793 991 1872 appellandae
1012 1794 1147 1872 gloriam

195 1909 353 1968 quaerere.
394 1889 519 1968 Quippe
546 1891 579 1949 iu
603 1890 746 1968 regiones
768 1889 1017 1967 quattuordecim
1043 1890 1149 1949 Roma

194 1986 356 2057 dividitur,
366 2006 496 2065 quarum
507 1998 655 2065 quattuor
665 1987 807 2064 integrae
817 1985 993 2056 manebant,
1003 1996 1068 2045 tres
1076 1987 1147 2046 solo

194 2096 286 2142 tenus
300 2085 462 2163 dejectae:
482 2096 602 2162 septem
619 2084 744 2161 reliquis
760 2102 861 2161 pauca
879 2094 1034 2142 tectorum
1054 2084 1149 2144 emti·

193 2181 247 2260 gia
259 2192 452 2260 supererant,
467 2180 568 2239 lacera
582 2192 614 2238 et
628 2192 774 2238 semusta.

234 2280 284 2337 41.
327 2281 483 2337 Domuum
511 2288 543 2336 et
570 2277 740 2335 insularum
773 2287 807 2335 et
839 2277 1038 2354 templormn,
1063 2297 1147 2356 qnae

194 2376 307 2436 amissa
326 2387 410 2447 sunt,
430 2395 594 2434 numerum
618 2374 697 2433 inire
720 2374 804 2433 haud
827 2386 1007 2452 promptum
1029 2374 1147 2434 fuerit:

194 2473 251 2532 sed
264 2473 475 2532 vetustissima
488 2472 650 2551 religione,
661 2471 744 2550 qnod
758 2470 886 2530 Servius
895 2469 1017 2529 Tullius
1026 2469 1149 2543 Lunae,

193 2582 225 2627 et
239 2589 353 2645 magna
367 2589 420 2626 ara
436 2569 615 2648 fanumque,
630 2587 709 2647 quae
729 2567 886 2645 praesenti
902 2566 1030 2626 Herculi
1042 2568 1149 2628 Arcas

138 2680 156 2725 5
192 2665 341 2724 Evander
360 2678 547 2737 sacraverat,
561 2666 716 2743 aedesque
737 2663 871 2722 Statoris
884 2663 976 2723 Joris
992 2675 1069 2722 rota
1084 2662 1150 2723 Ro-

142 2755 147 2761 ¹
192 2763 279 2820 mulo
293 2761 476 2840 Numaeque
490 2763 577 2840 regia
596 2772 629 2820 et
650 2760 814 2819 delubrum
828 2759 947 2817 Vestae
960 2779 1030 2817 cum
1045 2759 1148 2819 Pena-

192 2858 276 2916 tibus
298 2858 405 2936 populi
426 2858 559 2916 Romani
582 2870 711 2929 exusta,
736 2859 803 2936 jam
827 2875 903 2934 opes
928 2866 980 2914 tot
1003 2855 1148 2916 victoriis

192 2955 351 3031 quaesitae
378 2967 409 3012 et
435 2954 623 3012 Graecarum
651 2955 765 3013 artium
793 2955 915 3024 decora,
935 2952 1009 3011 exin
1034 2972 1149 3012 mouu-

192 3063 298 3108 menta
315 3051 510 3129 ingeniorum
525 3053 653 3130 antiqua
673 3065 705 3110 et
727 3053 926 3130 incorrupta:
945 3050 1089 3129 quamvis
1109 3050 1147 3111 in

137 3163 171 3208 lo
190 3158 278 3206 tanta
298 3148 488 3225 resurgentis
508 3149 593 3207 mbis
613 3149 856 3226 pulchritudine,
876 3147 977 3206 multa
1001 3147 1148 3208 seniores

190 3244 399 3315 meminerint,
410 3265 490 3322 quae
504 3245 640 3322 reparari
655 3245 835 3322 nequibant.
863 3243 966 3302 Fuere
979 3242 1034 3322 qui
1047 3262 1148 3303 anno-

191 3351 295 3399 tarent
316 3340 419 3398 XIIII
440 3341 513 3399 Kal.
529 3342 663 3400 Sextiles
683 3341 869 3419 principium
889 3340 1025 3399 incendii
1045 3340 1149 3420 huju

190 3450 304 3509 ortum,
318 3458 381 3516 quo
395 3448 426 3496 et
442 3438 580 3496 Senones
593 3449 716 3515 captam
737 3437 846 3496 urbem
866 3437 1148 3499 inflammaverint
