2610 3908
331 243 334 248 ,
367 188 564 240 arenam
585 189 699 240 viras
721 186 945 249 acarconan.
1089 173 1159 239 149

194 353 243 414 32.
271 351 341 411 ‘An
363 349 495 409 eandem
510 346 661 409 Romanis
680 346 713 407 in
734 347 817 408 bello
838 346 997 421 virtutem,
1011 366 1105 426 quam

152 450 183 511 in
201 470 277 530 pace
291 447 460 519 lasciviam,
475 446 582 505 adesse
604 445 751 505 creditis?
791 444 917 505 Nostris
931 444 976 503 ilii
991 445 1106 504 dissen-

152 547 289 608 sionibus
314 564 350 604 ac
374 542 540 602 discordiis
561 542 635 601 clari
656 542 735 601 vitia
757 542 892 601 hostium
917 540 949 600 in
974 541 1105 619 gloriam

153 644 307 704 exercitus
320 641 368 700 sui
383 647 528 712 vertunt3
549 658 641 717 quem
662 649 857 697 contractum
878 657 919 699 ex
938 637 1107 699 diversissi-

151 742 211 802 mis
224 739 371 820 gentibus
387 748 421 796 ut
435 735 589 795 secundae
611 754 659 793 res
680 744 799 806 tenent,
812 733 857 792 ita
878 735 1026 792 adversae
1047 734 1107 795 dis·
1143 749 1158 794 t

152 839 295 898 solvent:
316 834 376 894 nisi
397 833 422 894 si
445 832 552 892 Gallos
572 839 605 890 et
625 831 797 890 Germanos
819 842 851 890 et
869 829 980 909 (pudet
1001 828 1102 907 dictu)

152 935 375 996 Britannorum
391 931 563 1011 plerosque,
579 928 653 988 licet
674 926 880 987 dominationi
901 926 1017 986 alienae
1039 946 1106 985 san-

151 1032 278 1110 gninem
292 1029 501 1099 commodent,
513 1026 631 1085 diutius
645 1035 750 1084 tamen
766 1024 870 1085 hostes
881 1042 974 1102 quam
988 1041 1104 1096 servos,

151 1129 213 1188 fide
228 1139 261 1189 et
275 1128 391 1188 affectu
404 1124 504 1185 teneri
519 1121 646 1203 putatis.
688 1121 792 1180 Metus
807 1140 842 1180 ac
856 1128 956 1180 terror
969 1129 1042 1180 sunt
1060 1119 1105 1179 in-

151 1226 240 1285 firma
253 1226 357 1286 vincia
378 1222 533 1295 caritatis3
555 1239 633 1300 quae
655 1217 708 1277 ubi
731 1216 906 1290 removeris,
921 1216 974 1295 qui
994 1217 1104 1276 timere
1127 1231 1158 1277 10

153 1323 310 1396 desierint,
339 1322 443 1382 odisse
468 1318 629 1398 incipient.
679 1312 794 1372 Omnia
821 1312 970 1373 victoriae
998 1312 1105 1373 incita·

153 1431 259 1479 menta
268 1439 325 1499 pro
341 1418 430 1478 nobis
444 1427 532 1477 sunt:
547 1415 650 1475 nullae
662 1411 822 1471 Romanos
836 1411 986 1488 conjuges
1000 1429 1105 1471 aceen-

152 1517 240 1591 dunt,
251 1516 327 1577 nulli
341 1524 486 1595 parentes
500 1513 605 1592 fugam
617 1507 834 1590 exprobraturi
849 1519 940 1581 sunt3
954 1516 1008 1565 aut
1020 1508 1105 1567 nulia

153 1616 305 1694 plerisque
319 1612 421 1693 patria
435 1621 489 1672 ant
503 1611 564 1671 alia
578 1621 635 1670 est.
675 1607 796 1667 Paucos
811 1624 951 1678 numero,
964 1605 1104 1668 iocorum

151 1711 290 1790 trepidos
315 1710 499 1790 ignorantia,
520 1709 640 1769 caelum
661 1707 762 1787 ipsum
782 1725 818 1765 ac
840 1723 923 1763 mare
948 1714 981 1763 et
1003 1702 1105 1776 silvas,
1127 1717 1157 1763 15

152 1808 260 1888 ignota
273 1807 378 1868 omnia
392 1808 507 1867 circum
522 1816 708 1886 spectantes,
723 1805 843 1864 clausos
858 1801 994 1882 quodam
1008 1800 1103 1862 modo

153 1924 189 1964 ac
203 1905 324 1964 vinctos
339 1904 371 1964 di
386 1904 474 1964 nobis
488 1904 694 1965 tradiderant.
736 1903 765 1962 N
769 1923 786 1962 e
808 1912 924 1964 terreat
936 1920 1036 1962 vanus
1058 1919 1103 1961 as·

153 2012 260 2079 pectus
275 2010 306 2060 et
321 2001 387 2060 auri
400 2001 504 2079 fulgor
518 2011 611 2079 atque
632 2001 764 2080 argenti,
780 2001 863 2080 qnod
879 2020 937 2061 nec
950 2000 1031 2080 tegit
1046 2019 1103 2059 nee

152 2095 304 2154 vulnerat.
345 2095 382 2154 In
410 2095 477 2174 ipsa
504 2096 639 2156 hostium
668 2097 733 2157 acie
761 2097 954 2157 inveniemus
983 2108 1102 2157 nostras

151 2209 269 2250 manus.
310 2191 492 2268 Agnoscent
517 2191 660 2251 Britanni
688 2212 775 2254 suam
804 2195 938 2266 oausam,
963 2195 1101 2253 recorda·
1123 2207 1155 2253 20

151 2287 267 2345 buntur
282 2286 363 2346 Galli
378 2287 513 2365 priorem
532 2288 727 2349 libertatem:
749 2291 895 2350 deserent
914 2291 983 2351 illos
1003 2290 1099 2351 ceteri

152 2382 307 2458 Germani,
329 2393 395 2445 tam
422 2403 515 2463 quam
543 2404 641 2464 nuper
669 2386 761 2466 Usipi
790 2386 990 2466 reliquerunt.
1032 2386 1102 2447 Nee

151 2480 313 2560 quiequam
328 2482 411 2542 ultra
424 2480 618 2542 formidinis:
638 2503 737 2544 vacua
751 2484 886 2556 castella,
901 2502 1008 2547 senum
1023 2483 1103 2542 colo-

151 2579 229 2652 niae,
244 2579 325 2639 inter
345 2579 425 2641 male
445 2590 589 2658 parentes
610 2590 642 2641 et
662 2582 779 2663 injuste
800 2581 988 2660 imperantes
1010 2599 1102 2659 aegra

150 2676 319 2756 municipia
332 2689 365 2738 et
379 2677 599 2741 discordantia.
642 2679 703 2740 Hic
717 2680 792 2753 dux,
806 2678 857 2738 hic
872 2677 1025 2741 exercitus
1037 2697 1044 2737 ι
1058 2677 1100 2738 ibi
1122 2691 1154 2737 aa

150 2773 267 2833 tributa
280 2784 312 2834 et
325 2775 453 2837 metalla
473 2787 505 2837 et
527 2787 648 2838 ceterae
669 2777 870 2838 servientium
884 2794 1011 2856 poenae,
1025 2794 1101 2854 quas

150 2869 181 2929 in
196 2880 357 2931 aeternum
370 2873 508 2952 perferre
528 2886 582 2935 aut
602 2875 710 2935 statim
731 2873 835 2935 ulcisci
856 2873 887 2932 in
911 2873 969 2932 hoc
990 2891 1100 2951 campo

150 2976 206 3027 est.
247 2966 383 3029 Proinde
398 2970 472 3032 ituri
486 2972 518 3031 in
533 2971 631 3032 aciem
646 2981 678 3031 et
693 2973 827 3052 majores
840 2980 960 3032 vestros
981 2979 1013 3030 et
1034 2989 1101 3048 pos·

149 3065 401 3144 teroseogitate’
651 3127 653 3132 ,
972 3118 976 3131 ,.

188 3161 237 3227 36.
264 3163 313 3225 Ac
324 3163 425 3242 primo
434 3183 602 3245 congressu
610 3164 731 3227 eminus
742 3166 935 3238 certabatur3
948 3163 1099 3243 simulque

150 3259 333 3333 constantia,
354 3260 445 3321 simul
468 3270 535 3322 arte
555 3261 701 3324 Britanni
723 3261 901 3340 ingentibus
928 3260 1040 3338 gladiis
1066 3270 1100 3319 et

148 3353 294 3417 brevibus
309 3358 402 3417 cetris
422 3359 551 3420 missilia
571 3369 746 3419 nostrorum
760 3358 859 3418 vitare
873 3357 924 3419 vel
945 3367 1100 3429 excutere,

150 3460 242 3532 atquc
263 3452 321 3533 ipsi
343 3474 488 3535 magnam
508 3455 574 3516 vim
590 3456 729 3518 ‚telorum
750 3452 981 3534 superfundere,
999 3453 1100 3512 donec
