2580 3944
330 134 723 186 fflsroaraauuumaa
743 132 947 182 sacnsnus.
1080 117 1145 182 105

142 305 208 356 tam
222 292 419 374 quietamque
433 293 626 368 transferret,
640 295 750 352 cuntm
764 290 900 371 Syriacis
916 289 1094 370 legionibus
1114 306 1144 351 20

143 391 327 452 Germanica
337 391 466 451 hiberna
476 392 561 450 caelo
575 409 611 449 ac
623 387 780 449 laboribus
792 387 870 448 dura
878 399 1091 463 mutarentur3

143 488 257 567 quippe
271 498 303 549 et
317 487 524 568 provinciales
538 495 627 547 sueto
640 485 777 545 militum
796 485 999 545 contubernio
1020 504 1093 563 gau·

142 585 267 658 debant,
287 583 427 664 plerique
447 581 728 643 necessitudinibus
748 591 780 640 et
807 580 1092 660 propinquitatibus

142 680 241 754 mixti,
252 691 283 741 et
293 681 445 741 militibus
458 689 615 740 vetustate
630 678 858 758 stipendiorum
873 688 947 738 nota
960 688 993 738 et
1006 677 1095 737 fami·

142 777 230 837 liaria
243 788 344 837 castra
356 777 388 836 in
403 777 532 837 modum
546 775 707 855 penatium
722 773 941 854 diligebantur.
1114 791 1146 836 aa

196 875 242 934 82.
269 873 377 935 Prima
390 873 464 934 belli
478 893 553 933 cura
566 892 658 951 agere
673 871 815 944 dilectus,
831 891 977 931 revocare
992 881 1093 932 veter-

141 990 234 1045 aucs3
247 971 445 1031 destinantur
454 969 577 1029 validae
588 968 731 1028 civitates
742 969 924 1028 exercendis
936 989 1093 1030 armorum

142 1066 287 1141 officiuis3
300 1067 385 1146 apud
394 1066 622 1126 Antiochenses
636 1084 745 1124 aurum
756 1078 979 1146 argentumque
994 1065 1093 1144 signa·

141 1173 203 1235 tur,
219 1182 316 1241 eaque
335 1171 448 1221 cuncta
465 1182 521 1241 per
539 1161 669 1220 idoneos
688 1160 846 1221 ministros
870 1163 933 1221 suis
953 1181 1092 1242 quaeque

142 1257 220 1317 locis
240 1257 479 1318 festinabantur.
520 1256 591 1336 Ipse
615 1256 826 1336 Vespasianus
850 1256 945 1330 adire,
965 1257 1094 1332 hortari,
1130 1274 1146 1320 a

143 1354 241 1412 bonos
268 1353 370 1425 laude,
394 1372 505 1432 segnes
529 1354 672 1432 exemplo
699 1351 829 1413 incitare
856 1353 979 1432 saepius
1001 1373 1093 1432 quam

145 1468 295 1523 coercere,
308 1449 387 1510 vitia
401 1450 499 1528 magis
514 1448 684 1510 amicorum
700 1468 792 1528 quam
805 1449 939 1509 virtutes
953 1449 1094 1511 dissimu-

144 1546 221 1606 lans.
249 1546 367 1608 Multos
382 1546 585 1626 praefecturis
596 1557 628 1608 et
638 1545 916 1627 procurationibus,
928 1548 1093 1629 plerosque

144 1645 291 1704 senatorii
314 1643 432 1706 ordinis
460 1645 578 1704 honore
605 1643 767 1725 percoluit,
790 1645 931 1726 egregios
956 1634 1038 1706 viros
1060 1658 1093 1708 et

143 1761 216 1801 mox
230 1761 350 1803 summa
364 1741 511 1821 adeptos3
526 1741 709 1821 quibusdam
724 1742 848 1802 fortuna
858 1762 914 1822 pro
925 1743 1094 1803 virtutibus
1115 1759 1146 1804 10

143 1840 214 1900 iuit.
254 1840 447 1902 Donativum
457 1839 548 1900 militi
558 1839 934 1919 nequeMucianusprima
944 1841 1092 1901 concione

143 1937 200 1997 nisi
223 1939 344 1999 modice
367 1939 556 2010 ostenderat,
576 1957 616 1996 ue
637 1936 848 2017 Vespasianus
872 1938 998 2016 quidem
1023 1939 1092 2017 plus

143 2036 227 2096 civili
240 2038 321 2098 bello
336 2035 451 2096 obtulit
465 2054 559 2114 quam
574 2034 625 2093 alii
640 2035 670 2093 in
685 2054 770 2114 pace,
781 2034 905 2114 egregie
920 2035 1027 2095 firmus
1042 2036 1094 2094 ad·

142 2153 250 2193 versus
271 2134 436 2193 militarem
457 2131 654 2210 largitionem
675 2152 772 2211 eoque
794 2132 932 2191 exercitu
952 2133 1091 2192 meliore.

143 2228 231 2289 Missi
252 2229 291 2288 ad
313 2228 466 2287 Parthum
487 2227 732 2307 Armeniumque
754 2227 858 2307 legati,
874 2231 1092 2306 provisumque
1114 2242 1145 2287 lb

142 2346 192 2399 ne,
207 2325 304 2385 versis
325 2324 365 2384 ad
387 2323 478 2383 civile
499 2323 614 2383 bellum
635 2323 818 2402 legionibus,
833 2335 923 2401 terga
942 2324 1094 2383 nudaren-

142 2433 202 2483 tur.
245 2422 353 2482 Titum
379 2420 496 2480 instare
522 2420 671 2492 Judaeae,
695 2419 924 2498 Vespasianum
952 2418 1093 2479 obtinere

144 2520 261 2579 clausta
274 2517 415 2598 Aegypt-i
435 2517 570 2597 placuit:
591 2517 728 2576 sufficere
742 2516 931 2576 videbantur
944 2515 1092 2576 adversus

144 2614 308 2675 Vitellium
319 2634 390 2695 pars
401 2614 560 2693 copiarum
572 2624 605 2672 et
615 2614 680 2672 dux
689 2611 854 2672 Mucianus
864 2622 897 2673 et
905 2612 1092 2692 Vespasiani

144 2730 255 2770 nornen
285 2730 320 2771 ac
342 2710 418 2769 nihil
447 2711 578 2769 arduum
604 2709 687 2769 fatis.
727 2709 782 2768 Ad
804 2728 911 2768 omnes
939 2708 1093 2769 exercitus
1113 2723 1144 2769 ao

144 2806 323 2885 legatosque
342 2807 473 2884 scriptae
496 2806 655 2885 epistolae,
670 2816 931 2885 praeceptumque
952 2815 988 2865 ut
1008 2825 1093 2885 prae-

143 2902 282 2961 torianos
294 2901 423 2960 Vitellio
437 2901 576 2962 infensos
587 2901 805 2980 reciperandae
815 2901 944 2962 militiae
955 2903 1091 2981 praemio

144 2996 324 3057 invitarent.

185 3095 233 3153 83.
261 3092 424 3152 Mucianus
438 3113 509 3153 cum
523 3094 670 3173 expedita
680 3113 783 3168 manu,
795 3094 911 3154 socium
925 3095 1024 3175 magis
1038 3095 1093 3155 im·

144 3190 223 3269 perii
238 3208 331 3270 quam
341 3189 517 3250 ministrum
528 3210 632 3270 agens,
643 3210 706 3250 non
721 3191 806 3250 leuto
820 3190 940 3263 itinere,
950 3212 990 3250 ne
1004 3211 1093 3250 cunc

144 3289 204 3348 tari
218 3289 386 3361 videretur,
401 3307 500 3366 neque
514 3296 618 3348 tamen
633 3306 812 3367 properans,
826 3288 956 3367 gliscere
976 3287 1093 3347 famam

143 3385 212 3464 ipso
226 3383 328 3464 spatio
342 3383 471 3458 sinebat,
481 3403 595 3465 gnarus
609 3383 747 3444 modicas
762 3384 843 3444 vires
856 3383 915 3444 sibi
929 3393 962 3443 et
975 3384 1094 3463 majora

631 3475 663 3525 5*
