2580 3944
141 155 185 219 68
445 171 644 219 nxcnnm
663 171 881 220 ramma.

194 331 277 402 sint3
296 350 351 388 sen
372 331 552 388 valetudine
572 329 842 408 praepediebatur,
860 350 917 388 seu
937 330 1040 390 uictus
1060 331 1148 390 luctu

194 428 316 485 anirnns
327 427 576 504 magnitudinem
590 427 664 484 mali
678 427 817 505 perferre
828 427 897 485 visu
911 447 974 485 non
989 429 1148 487 tolcravit.

141 539 173 583 10
194 524 331 582 Facilius
344 523 533 580 crediderim
547 523 674 582 'liberio
692 536 726 582 et
740 526 893 599 Angusta,
906 524 960 602 qni
974 524 1069 582 domo
1082 546 1148 583 non

195 620 399 690 excedebant,
413 619 593 690 cohibitam,
608 632 643 678 ut
657 639 714 697 par
728 639 849 678 maeror
864 633 898 679 et
918 621 1026 679 matris
1045 641 1149 679 exem·

193 718 247 796 plo
260 717 332 775 auia
345 737 469 796 quoque
483 729 516 775 et
530 730 660 793 patruus
674 717 801 774 attineri
815 716 1007 774 viderentur.

234 816 264 873 4.
299 815 385 881 Dies,
396 835 457 892 quo
472 814 620 891 reliquiae
634 814 757 871 tumulo
771 814 909 891 Augusti
923 814 1148 888 inferebantur,

194 913 290 971 modo
310 932 366 990 per
384 912 545 970 silentium
566 923 682 981 t‘astuS,
697 911 791 968 modo
812 911 985 989 ploratibus
1005 911 1148 989 inquies3

194 1010 288 1089 plena
312 1010 397 1067 urbis
421 1010 543 1080 itinera,
566 1009 758 1066 collucentes
786 1028 842 1086 per
868 1027 1014 1085 eampum
1033 1007 1148 1068 Martis

194 1107 288 1166 faces.
329 1107 398 1165 Illic
413 1108 501 1165 miles
514 1126 587 1165 cum
600 1105 704 1175 armis,
718 1105 785 1164 sine
799 1105 972 1183 insignibus
986 1105 1149 1183 magistra-

139 1219 156 1262 5
194 1215 255 1276 tus,
269 1206 402 1282 populns
422 1223 478 1282 per
497 1204 606 1275 tribus,
620 1202 792 1261 concidisse
812 1202 1046 1280 rempublicam,
1067 1203 1148 1261 nihil

192 1301 260 1379 spei
270 1301 425 1378 reliquum
433 1301 646 1373 clamitabant,
654 1299 831 1378 promptim
840 1298 1040 1376 apertiusque
1049 1318 1148 1377 quam

192 1407 230 1455 ut
252 1398 431 1456 meminisse
457 1397 705 1476 imperitantium
728 1395 881 1455 crederes.
921 1394 1010 1453 Nihil
1038 1406 1147 1455 tamen

193 1492 356 1551 'liberium
370 1494 469 1572 magis
483 1494 661 1572 penetrarit
677 1513 771 1573 quam
791 1492 897 1552 studia
917 1492 1078 1550 bominum
1097 1511 1149 1551 ao·

192 1608 286 1648 oensa
296 1590 328 1648 in
339 1590 558 1668 Agrippinam,
568 1611 639 1650 oum
651 1592 746 1650 decus
755 1591 884 1669 patriae,
894 1591 995 1650 solum
1005 1592 1147 1669 Augusti

140 1700 171 1744 ιο
191 1686 384 1764 sanguinem,
399 1687 525 1746 unicum
545 1688 741 1766 antiquitatis
759 1687 917 1766 specimen
938 1689 1146 1766 appellarent,

192 1783 335 1861 versique
354 1784 395 1841 ad
408 1786 529 1843 caelum
548 1805 586 1843 ac
605 1785 682 1844 deos
702 1786 859 1863 integram
879 1784 925 1843 illi
944 1784 1087 1844 subolem
1106 1805 1148 1846 ao

191 1881 393 1957 superstitem
406 1881 583 1959 iniquorum
597 1897 809 1960 precarentur.

233 1975 264 2033 ὃ.
298 1976 400 2035 Fuere
420 1979 474 2056 qui
495 1979 611 2056 publici
631 1979 750 2038 funeris
772 1999 918 2058 pompam
939 1980 1148 2058 requirerent,

192 2085 470 2152 compararentque
497 2095 577 2153 quae
604 2075 636 2134 in
659 2075 798 2135 Drusum
820 2090 942 2155 patrem
964 2076 1148 2138 Germanici

192 2167 311 2227 honora
326 2181 361 2228 et
377 2172 542 2249 magnifica
555 2172 717 2250 Augustus
737 2174 884 2233 iecisset:
904 2174 1007 2253 ipsum
1027 2177 1148 2254 quippe

191 2267 362 2344 asperrimo
376 2268 486 2327 hiemis
497 2269 642 2327 Ticinum
656 2289 753 2349 nsque
767 2290 965 2350 pmgressum
979 2292 1081 2352 neque
1094 2274 1150 2333 ab

138 2376 155 2421 5
191 2363 372 2423 scedentem
389 2384 407 2423 a
422 2385 552 2444 corpore
572 2367 665 2425 simul
685 2369 793 2427 urbem
814 2370 996 2443 intravisse3
1014 2370 1146 2430 circum

191 2459 273 2518 fusas
282 2460 362 2519 lecto
372 2461 573 2521 Claudiorum
582 2463 603 2523 J
605 2464 800 2544 aliorumque
809 2466 980 2545 imagines3
992 2466 1148 2526 defletum

190 2554 223 2613 in
244 2556 324 2628 foro,
342 2558 503 2616 laudatum
523 2579 580 2637 pro
601 2561 719 2632 rostris,
733 2573 846 2622 cuneta
866 2582 885 2621 a
903 2563 1076 2642 majoribus
1098 2584 1150 2622 ne-

191 2664 284 2731 perta
302 2665 357 2713 aut
377 2675 456 2733 quae
477 2657 595 2734 posteri
616 2658 794 2719 invenerint
814 2661 991 2719 cumulata:
1013 2671 1048 2719 at
1067 2661 1150 2720 Ger·

191 2750 313 2808 manico
328 2770 366 2808 ne
381 2752 489 2811 solitos
503 2755 630 2832 quidem
645 2768 679 2815 et
697 2757 881 2836 cuicumque
900 2759 998 2816 nobili
1017 2757 1148 2819 debitos

138 2859 170 2903 to
189 2845 322 2904 bonores
345 2848 523 2926 oontigisse.
566 2852 648 2911 Sane
672 2873 785 2931 corpus
812 2852 853 2912 ob
881 2854 1147 2933 longinquitatem

190 2941 337 3000 itinerum
351 2946 489 3005 externis
508 2949 601 3007 terris
615 2970 739 3028 quoquo
759 2951 854 3009 modo
874 2962 1065 3010 crematum:
1084 2951 1147 3011 sed

190 3048 281 3096 tanto
295 3040 384 3116 plura
397 3043 512 3102 decora
526 3066 599 3103 mox
614 3047 709 3105 tribui
724 3067 781 3124 par
794 3047 900 3119 inisse,
911 3058 1029 3126 quanto
1039 3047 1147 3125 prim

190 3135 256 3192 fors
276 3140 463 3214 negavisset,
485 3162 547 3200 non
569 3143 707 3209 fratrem,
725 3145 783 3203 nisi
805 3145 896 3203 unius
916 3145 980 3204 diei
999 3145 1061 3215 via,
1074 3165 1144 3206 non

190 3242 336 3309 patruum
350 3237 460 3295 saltem
475 3250 567 3316 porta
579 3251 671 3299 tenus
684 3241 822 3299 obvium.
851 3241 916 3302 Ubi
928 3242 984 3300 ills
996 3251 1145 3302 veterum

137 3342 169 3386 15
189 3328 343 3402 instituta,
358 3335 549 3411 propositam
564 3347 633 3396 toro
647 3339 791 3416 effigiem,
805 3339 958 3398 meditata
970 3338 1011 3396 ad
1024 3357 1148 3398 merno-

189 3426 269 3486 riam
290 3429 416 3489 virtutis
435 3434 583 3505 carmina,
600 3445 634 3494 et
653 3435 857 3508 laudationes,
870 3446 905 3495 et
924 3434 1069 3497 lacrima
1087 3437 1146 3498 vel

190 3523 307 3584 doloris
328 3526 546 3589 imitamenta?
