2580 3944
162 163 204 228 92
298 155 302 161 ’
444 178 642 228 axonam
664 177 881 228 sacramus.

215 336 442 415 magnificentia
456 345 488 395 et
502 355 576 415 opes
588 346 620 397 et
631 346 743 397 cuncta
752 337 908 416 privatum
923 337 1050 399 modum
1062 358 1167 418 super-

214 454 318 513 gressa
333 434 544 506 extollebant3
566 435 666 511 aptior
686 453 835 508 sermone,
851 435 1004 513 dispositu
1025 437 1166 514 provisu-

215 548 274 607 que
308 527 444 586 civilium
478 546 580 586 rerum
609 528 744 606 peritus:
778 529 937 606 egregium
972 530 1165 609 principatus

214 636 502 704 temperamentum,
518 624 543 683 si
558 624 692 703 demptis
715 626 873 705 utriusque
895 626 980 686 vitiis
1001 627 1085 686 solae
1106 628 1165 686 vir·

162 736 191 780 ιο
211 733 294 781 tutes
323 722 531 780 miscerentur.
573 721 720 780 Ceterum
740 721 791 781 hic
813 722 928 800 Syriae,
950 721 1163 782 ille'Judaeae

216 819 415 896 praepositus,
443 817 553 876 vicinis
581 817 810 895 provinciarum
844 818 1166 878 administrationibus

215 914 333 974 invidia
347 915 512 986 discordes,
525 914 612 973 exitu
627 914 753 973 demum
767 913 902 974 Neronis
917 915 1025 994 positis
1039 915 1119 975 odiis
1133 917 1165 974 in

216 1011 351 1070 medium
373 1012 561 1083 consuluere,
584 1011 719 1089 prirnum
739 1030 794 1089 per
815 1012 937 1085 amicos,
958 1012 1031 1071 dein
1052 1013 1167 1091 praeci-

215 1127 277 1186 pua
296 1108 479 1168 concordiae
500 1108 577 1166 lidos
592 1107 683 1166 Titus
703 1127 798 1185 prava
819 1107 989 1168 certamina
1008 1109 1165 1168 communi

164 1219 193 1264 15
216 1205 349 1264 utilitate
370 1206 556 1278 aboleverat,
570 1216 681 1264 natura
702 1216 795 1283 atque
810 1216 876 1264 arte
892 1206 1081 1285 compositus
1102 1206 1166 1264 alli-

216 1302 332 1362 ciendis
353 1303 446 1361 etiam
461 1301 599 1360 Muciani
619 1301 764 1360 moribus.
807 1299 937 1361 Tribuni
959 1301 1167 1362 centuriones-

216 1418 274 1477 que
297 1410 328 1459 et
349 1401 462 1478 vulgus
481 1399 615 1457 militum
636 1397 788 1457 industria
808 1397 942 1472 licentia,
956 1418 1012 1478 per
1032 1400 1166 1458 virtutes

216 1515 271 1573 per
286 1496 469 1574 voluptates,
485 1505 520 1554 ut
534 1495 643 1574 cuique
657 1494 826 1573 ingenium,
841 1493 1098 1554 admiscebantur.

256 1594 283 1651 6.
318 1593 497 1670 Antequam
511 1592 601 1651 Titus
621 1593 813 1664 adventaret,
828 1602 1054 1651 sacramentum
1069 1591 1167 1652 Ollio·

216 1688 264 1748 nis
276 1700 436 1767 acceperat
449 1699 576 1768 uterque
586 1689 748 1761 exercitus,
758 1687 986 1767 praecipitibus,
998 1700 1032 1748 ut
1043 1690 1166 1763 assolet,

216 1785 333 1843 nuntiis
348 1795 378 1843 et
394 1785 483 1843 tarda
496 1786 577 1843 mole
592 1784 691 1843 civilis
704 1785 787 1858 belli,
800 1784 884 1863 quod
895 1784 989 1864 longa
999 1786 1168 1845 concordia

217 1882 338 1960 quietus
360 1881 462 1941 oriens
487 1891 561 1940 tuuc
585 1881 718 1960 primum
741 1881 878 1960 parabat.
919 1880 1065 1960 Namque
1089 1881 1166 1941 olim

218 1977 408 2035 validissima
435 1976 517 2035 iuter
545 1997 577 2035 se
600 1977 715 2036 civium
742 1996 828 2037 arma
851 1976 884 2036 in
909 1975 1002 2036 Italia
1024 1975 1167 2037 Galliave

216 2072 333 2132 viribus
355 2073 533 2132 Occidentis
554 2084 680 2152 coepta3
702 2085 734 2134 et
749 2073 909 2153 Pompam,
927 2073 1041 2148 (laesio,
1056 2072 1167 2148 Bruto,

217 2171 366 2242 Antonio,
388 2189 464 2249 quos
489 2190 594 2229 omnes
617 2179 702 2229 trans
727 2190 811 2230 mare
837 2181 978 2232 secutum
1002 2180 1051 2232 est
1074 2171 1168 2231 civile

216 2267 339 2338 bellurn,
360 2267 442 2326 haud
464 2268 602 2346 prosperi
623 2268 726 2327 exitus
747 2268 893 2344 fuerant3
923 2269 1083 2350 auditique
1103 2289 1169 2330 sae-

216 2364 284 2441 pius
299 2363 329 2422 in
344 2363 435 2442 Syria
445 2363 466 2424 J
469 2365 627 2443 udaeaque
639 2363 785 2424 Caesares
794 2385 887 2444 quam
901 2365 1041 2444 inspecti.
1069 2365 1169 2426 Nulla

162 2476 191 2519 ro
213 2460 324 2520 seditio
338 2461 503 2539 legionum,
515 2472 634 2519 tantum
648 2460 794 2521 adversus
807 2462 942 2522 Parthos
953 2463 1064 2536 minae,
1075 2463 1165 2525 vario

216 2569 348 2629 eventu3
363 2568 396 2616 et
409 2558 549 2635 proximo
565 2556 647 2615 civili
662 2557 744 2617 bello
756 2559 888 2619 turbatis
903 2559 970 2618 aliis
984 2559 1170 2620 inconcussa

215 2653 256 2711 ibi
272 2673 341 2731 pax,
356 2653 428 2712 dein
443 2653 520 2712 fides
534 2672 609 2731 erga
624 2652 764 2714 Galbam.
804 2653 891 2728 Mox,
905 2665 941 2716 nt
955 2654 1113 2715 Othonem
1129 2675 1170 2716 ao

216 2748 379 2809 Vitellium
394 2749 531 2809 scelestis
546 2750 639 2809 armis
652 2771 700 2811 res
716 2751 874 2812 Romanas
892 2763 1016 2831 raptum
1036 2751 1081 2810 ire
1101 2753 1171 2812 vnl-

214 2857 322 2924 gatum
350 2858 406 2920 est,
429 2867 468 2906 ne
492 2867 587 2926 penes
611 2859 730 2909 ceteros
757 2848 878 2927 imperii
902 2849 1048 2927 praemia,
1069 2867 1170 2926 penes

162 2958 192 3002 15
214 2945 295 3021 ipsos
309 2954 432 3003 tantum
446 2945 565 3004 servitii
580 2944 747 3005 necessitas
764 2955 854 3017 esset,
869 2944 1000 3004 fremere
1020 2943 1111 3003 miles
1132 2954 1169 3005 et

215 3040 296 3099 vires
317 3060 386 3100 suas
408 3041 651 3120 circumspicere.
695 3040 822 3119 Septem
844 3040 982 3120 legiones
1004 3039 1112 3100 statim
1133 3051 1170 3102 et

216 3155 285 3195 cum
297 3135 474 3214 ingentibus
487 3138 607 3200 auxiliis
620 3136 710 3216 Syria
720 3137 740 3196 J
743 3137 919 3216 udaeaque3
933 3136 1006 3195 inde
1017 3136 1171 3199 continua

215 3234 381 3312 Aegyptus
403 3235 543 3314 duaeque
564 3234 710 3312 legiones,
724 3233 798 3293 hino
816 3232 1014 3312 Cappadocia
1034 3234 1173 3295 Pontus-

216 3349 275 3409 que
285 3339 317 3388 et
326 3330 477 3409 quidquid
489 3340 659 3392 castrorum
670 3329 828 3388 Armeniis
837 3329 1061 3408 praetenditur.
1088 3328 1173 3391 Asia

161 3440 192 3486 ao
213 3438 245 3488 et
266 3437 387 3487 ceterae
408 3425 585 3505 provinciae
610 3444 667 3486 nec
690 3426 826 3486 virorum
850 3423 960 3504 inopes
980 3433 1012 3485 et
1031 3425 1171 3506 pesum
