2580 3944
196 126 261 193 128
522 147 719 196 nnc-ern
739 145 955 196 recinunt.

247 301 306 360 bns
325 300 471 380 legiones,
490 323 592 381 neque
612 304 842 382 quiescentibus
860 322 972 383 graves
994 312 1029 362 et
1049 302 1218 366 adversus

194 412 227 460 1⁰
245 397 475 458 contumaciam
488 400 622 458 validae.
662 400 737 459 Non
751 401 883 459 omisere
901 418 959 478 per
977 418 1031 459 eos
1051 400 1128 461 dies
1143 402 1219 461 Pri-

247 514 317 554 mus
329 513 367 553 ac
381 494 486 555 Varus
504 495 620 554 crebris
639 496 758 556 nuntiis
777 497 908 556 salutem
929 506 963 556 et
981 496 1156 574 pecuniam
1177 509 1217 558 et

248 602 366 651 secreta
393 589 582 668 Campaniae
609 591 724 650 offerre
751 591 943 666 Vitelliani
968 592 1080 671 positis
1106 596 1215 655 armis

248 708 342 769 seque
361 708 397 748 ac
416 687 530 747 liberos
550 707 622 746 snos
636 687 829 767 Vespasiano
849 689 1053 768 permisisset:
1073 688 1108 748 in
1132 710 1215 750 eun·

249 786 321 845 dem
335 785 464 845 modum
479 794 512 843 et
526 782 689 843 Mucianus
703 787 878 864 composuit
897 784 1066 863 epistolas3
1086 786 1213 863 quibus

197 896 227 939 15
248 882 427 960 plerumque
452 881 550 939 fidere
574 879 730 950 Vitellius,
754 900 791 939 ac
817 882 857 940 de
877 900 1007 940 numeru
1026 899 1211 956 servorum,

249 975 400 1036 electione
421 978 546 1036 litorum
568 976 662 1055 loqui.
703 976 807 1036 Tanta
819 978 952 1056 torpedo
965 976 1124 1036 invaserat
1138 979 1212 1038 ani·

248 1092 343 1144 mum,
358 1082 402 1145 ut,
415 1072 441 1132 si
455 1073 628 1152 principem
641 1090 713 1131 eum
728 1072 824 1132 fnisse
843 1072 940 1132 ceteri
960 1090 1024 1132 non
1042 1072 1211 1135 meminis

249 1179 329 1239 sent,
341 1169 407 1247 ipse
422 1169 664 1230 oblivisceretur.
734 1191 740 1203 ·

291 1266 340 1325 69.
375 1265 583 1326 Praevenerat
611 1285 717 1326 rumor
751 1264 866 1344 ejurari
893 1265 934 1324 ab
958 1283 997 1324 eo
1023 1264 1209 1343 imperium,

249 1362 475 1443 scripseratque
498 1362 626 1423 Flavius
648 1363 782 1422 Sabinus
803 1361 979 1422 cohortium
1005 1361 1140 1421 tribunis
1165 1376 1209 1425 ut

250 1458 382 1518 militem
403 1459 591 1519 cohiberent
632 1458 736 1539 Igitur
748 1470 896 1537 tanquam
910 1457 1011 1516 omnis
1023 1457 1210 1536 respublica

250 1554 283 1613 in
303 1554 489 1634 Vespasiani
514 1555 616 1615 sinum
643 1556 814 1629 cecidisset,
834 1555 988 1633 primores
1012 1564 1140 1614 senatus
1167 1568 1208 1618 et

249 1651 388 1729 plerique
407 1653 557 1731 equestris
576 1652 704 1726 ordinis,
718 1652 880 1732 omnisque
899 1651 990 1711 miles
1008 1651 1147 1710 urbanus
1167 1664 1207 1714 et

250 1745 360 1824 vigiles
386 1748 512 1806 domum
541 1748 643 1807 Flavii
671 1749 778 1808 Sabini
809 1750 1024 1828 complevere:
1055 1747 1132 1807 illuc
1158 1748 1207 1810 (lc

249 1841 362 1901 studiis
376 1844 461 1922 rulgi
481 1853 514 1903 et
535 1844 627 1904 minis
639 1845 892 1906 Germanicarum
913 1845 1089 1906 cohortium
1108 1844 1208 1907 affera-

250 1949 311 1998 tur.
351 1938 490 2018 longius
506 1941 572 2019 jam
592 1960 774 2020 progressus
796 1954 873 2017 erat,
893 1963 987 2024 qnam
1012 1954 1047 2005 ut
1072 1947 1206 2024 regredi

250 2047 354 2113 posset
365 2055 374 2110 ;
394 2048 427 2095 et
439 2056 496 2095 suo
510 2037 638 2116 quisque
653 2050 750 2111 metu,
763 2059 804 2098 ne
818 2039 968 2120 disjectos
981 2060 1081 2122 eoque
1094 2041 1208 2104 minus

197 2146 228 2190 lo
249 2131 369 2191 validos
384 2132 543 2192 Vitelliani
563 2146 824 2208 wnsectarentnr,
839 2148 1038 2198 cunctantem
1059 2137 1092 2196 in
1112 2156 1206 2200 arma

248 2227 466 2306 impellebant:
485 2231 539 2289 scd
560 2231 643 2309 quod
657 2232 688 2290 in
703 2233 858 2313 ejusmodi
872 2235 967 2294 rebus
986 2234 1108 2307 accidit,
1121 2254 1200 2296 con-

250 2324 353 2384 silium
374 2326 413 2384 ab
432 2326 575 2386 omnibus
594 2327 703 2387 datum
723 2339 781 2403 est,
799 2331 973 2410 pericnlum
985 2329 1077 2410 pauci
1096 2349 1207 2413 sump-

249 2441 326 2482 sere.
354 2423 445 2483 Circa
456 2425 556 2484 lacum
563 2425 705 2485 Fundani
714 2426 974 2488 descendentibus
983 2428 1034 2508 qui
1046 2427 1205 2491 Sabinum

249 2519 478 2580 comitabantur
491 2521 618 2581 armatis
631 2534 798 2584 occurrunt
819 2523 1042 2603 promptissimi
1056 2523 1208 2586 Vitellia·

196 2630 227 2673 15
248 2634 367 2674 norum.
400 2614 560 2676 Modicum
573 2618 616 2676 ibi
631 2619 783 2697 proelium
797 2620 966 2698 improviso
980 2618 1127 2691 tumultu,
1139 2623 1205 2683 sed

248 2729 429 2787 prosperum
449 2709 628 2771 Vitellianis
647 2713 717 2772 init.
760 2713 893 2772 Sabinus
911 2732 947 2772 re
966 2712 1099 2792 trepida
1112 2717 1204 2791 quod

248 2804 439 2862 tutissimum
467 2824 484 2863 e
511 2809 733 2884 praesentibus,
761 2828 864 2868 arcem
892 2809 1040 2888 capitolii
1071 2808 1205 2885 insedit,

248 2900 348 2959 mixto
374 2901 473 2960 milite
500 2914 533 2963 et
561 2905 745 2983 quibusdam
779 2915 958 2964 senatorum
987 2904 1205 2984 equitumque,

248 3016 379 3076 quornm
395 2999 522 3058 nomina
536 3001 660 3059 tradere
673 3000 757 3059 haud
772 3013 950 3078 promptum
970 3011 1027 3074 est,
1041 3001 1204 3079 qnoniam,

194 3108 225 3153 ao
247 3094 363 3152 victore
374 3094 576 3174 Vespasiano,
590 3097 681 3155 multi
696 3097 728 3155 id
743 3097 888 3155 meritum
901 3116 976 3176 erga
989 3108 1094 3176 partes
1105 3097 1205 3157 simu-

248 3192 360 3251 lavere.
401 3192 571 3252 thiernnt
584 3192 738 3253 obsidium
752 3193 847 3252 etiam
862 3193 1005 3265 feminae,
1018 3193 1101 3252 inter
1120 3213 1204 3271 quas

248 3287 383 3348 maxime
397 3288 527 3368 insignis
535 3289 695 3348 Verulana
704 3288 846 3361 Gratilla,
856 3308 956 3368 neque
969 3289 1082 3348 liberos
1095 3309 1203 3368 neque

247 3385 438 3466 propinquos
456 3385 512 3445 sed
532 3384 649 3445 bellum
671 3396 786 3444 secuta.
827 3383 1017 3444 Vitellianus
1042 3384 1131 3444 miles
1151 3407 1204 3448 so-
