<?xml version="1.0" encoding="UTF-8"?>
<!DOCTYPE html PUBLIC "-//W3C//DTD XHTML 1.0 Transitional//EN"
    "http://www.w3.org/TR/xhtml1/DTD/xhtml1-transitional.dtd">
<html xmlns="http://www.w3.org/1999/xhtml" xml:lang="en" lang="en">
 <head>
  <title>
</title>
<meta http-equiv="Content-Type" content="text/html;charset=utf-8" />
  <meta name='ocr-system' content='tesseract 3.04.00' />
  <meta name='ocr-capabilities' content='ocr_page ocr_carea ocr_par ocr_line ocrx_word'/>
</head>
<body>
  <div class='ocr_page' id='page_1' title='image "./selectionsfromt00chamgoog_0155.png"; bbox 0 0 2580 3944; ppageno 0'>
   <div class='ocr_carea' id='block_1_1' title="bbox 242 140 966 203">
    <p class='ocr_par' dir='ltr' id='par_1_1' title="bbox 242 140 966 203">
     <span class='ocr_line' id='line_1_1' title="bbox 242 140 966 203; baseline -0.006 0"><span class='ocrx_word' id='word_1_1' title='bbox 242 140 306 203; x_wconf 69' lang='lat'>140</span> <span class='ocrx_word' id='word_1_2' title='bbox 534 152 730 201; x_wconf 73' lang='lat' dir='ltr'>uacuum</span> <span class='ocrx_word' id='word_1_3' title='bbox 751 152 966 201; x_wconf 66' lang='lat' dir='ltr'>sacrum.</span> 
     </span>
    </p>
   </div>
   <div class='ocr_carea' id='block_1_2' title="bbox 240 307 1266 3588">
    <p class='ocr_par' dir='ltr' id='par_1_2' title="bbox 294 307 1266 678">
     <span class='ocr_line' id='line_1_2' title="bbox 295 307 1266 381; baseline 0.006 -12"><span class='ocrx_word' id='word_1_4' title='bbox 295 332 386 370; x_wconf 82' lang='lat' dir='ltr'>eausa</span> <span class='ocrx_word' id='word_1_5' title='bbox 407 312 528 370; x_wconf 87' lang='lat' dir='ltr'>locatur</span> <span class='ocrx_word' id='word_1_6' title='bbox 547 322 579 370; x_wconf 89' lang='lat' dir='ltr'>et</span> <span class='ocrx_word' id='word_1_7' title='bbox 600 311 711 369; x_wconf 91' lang='lat' dir='ltr'>domus</span> <span class='ocrx_word' id='word_1_8' title='bbox 734 310 868 369; x_wconf 76' lang='lat' dir='ltr'>illustres</span> <span class='ocrx_word' id='word_1_9' title='bbox 885 307 1027 381; x_wconf 86' lang='lat' dir='ltr'>afflictae,</span> <span class='ocrx_word' id='word_1_10' title='bbox 1048 329 1124 369; x_wconf 87' lang='lat' dir='ltr'>euru</span> <span class='ocrx_word' id='word_1_11' title='bbox 1145 325 1266 374; x_wconf 82' lang='lat' dir='ltr'>contra</span> 
     </span>
     <span class='ocr_line' id='line_1_3' title="bbox 294 408 1266 487; baseline 0.005 -21"><span class='ocrx_word' id='word_1_12' title='bbox 294 409 533 467; x_wconf 74' lang='lat' dir='ltr'>Tarracinenses</span> <span class='ocrx_word' id='word_1_13' title='bbox 554 408 638 465; x_wconf 83' lang='lat' dir='ltr'>uuila</span> <span class='ocrx_word' id='word_1_14' title='bbox 659 428 717 485; x_wconf 91' lang='lat' dir='ltr'>ope</span> <span class='ocrx_word' id='word_1_15' title='bbox 738 409 938 487; x_wconf 79' lang='lat' dir='ltr'>juvarentur:</span> <span class='ocrx_word' id='word_1_16' title='bbox 967 416 1057 465; x_wconf 88' lang='lat' dir='ltr'>tanto</span> <span class='ocrx_word' id='word_1_17' title='bbox 1080 411 1266 486; x_wconf 77' lang='lat' dir='ltr'>proclivius</span> 
     </span>
     <span class='ocr_line' id='line_1_4' title="bbox 294 504 1264 584; baseline 0.004 -20"><span class='ocrx_word' id='word_1_18' title='bbox 294 520 339 564; x_wconf 85' lang='lat' dir='ltr'>est</span> <span class='ocrx_word' id='word_1_19' title='bbox 357 505 486 582; x_wconf 81' lang='lat' dir='ltr'>injuriae</span> <span class='ocrx_word' id='word_1_20' title='bbox 498 525 589 583; x_wconf 87' lang='lat' dir='ltr'>quarn</span> <span class='ocrx_word' id='word_1_21' title='bbox 600 505 750 562; x_wconf 86' lang='lat' dir='ltr'>benelicio</span> <span class='ocrx_word' id='word_1_22' title='bbox 763 504 862 562; x_wconf 78' lang='lat' dir='ltr'>ricem</span> <span class='ocrx_word' id='word_1_23' title='bbox 873 504 1043 575; x_wconf 75' lang='lat' dir='ltr'>exsolvere,</span> <span class='ocrx_word' id='word_1_24' title='bbox 1055 505 1134 582; x_wconf 91' lang='lat' dir='ltr'>quia</span> <span class='ocrx_word' id='word_1_25' title='bbox 1150 510 1264 584; x_wconf 60' lang='lat' dir='ltr'>ffltia</span> 
     </span>
     <span class='ocr_line' id='line_1_5' title="bbox 295 599 1264 678; baseline 0.005 -19"><span class='ocrx_word' id='word_1_26' title='bbox 295 603 390 673; x_wconf 83' lang='lat' dir='ltr'>oneri,</span> <span class='ocrx_word' id='word_1_27' title='bbox 414 603 491 660; x_wconf 89' lang='lat' dir='ltr'>ultio</span> <span class='ocrx_word' id='word_1_28' title='bbox 517 602 548 659; x_wconf 93' lang='lat' dir='ltr'>in</span> <span class='ocrx_word' id='word_1_29' title='bbox 575 616 705 678; x_wconf 91' lang='lat' dir='ltr'>quaestu</span> <span class='ocrx_word' id='word_1_30' title='bbox 730 602 870 659; x_wconf 78' lang='lat' dir='ltr'>habetur,</span> <span class='ocrx_word' id='word_1_31' title='bbox 911 599 1034 658; x_wconf 82' lang='lat' dir='ltr'>Solaeio</span> <span class='ocrx_word' id='word_1_32' title='bbox 1055 601 1118 659; x_wconf 86' lang='lat' dir='ltr'>t&#39;uit</span> <span class='ocrx_word' id='word_1_33' title='bbox 1144 622 1264 664; x_wconf 75' lang='lat' dir='ltr'>seruus</span> 
     </span>
    </p>

    <p class='ocr_par' dir='ltr' id='par_1_3' title="bbox 241 695 1264 1165">
     <span class='ocr_line' id='line_1_6' title="bbox 241 695 1263 778; baseline 0.003 -20"><span class='ocrx_word' id='word_1_34' title='bbox 241 715 272 758; x_wconf 81' lang='lat' dir='ltr'>to</span> <span class='ocrx_word' id='word_1_35' title='bbox 293 699 437 778; x_wconf 75' lang='lat' dir='ltr'>Verginii</span> <span class='ocrx_word' id='word_1_36' title='bbox 459 698 628 776; x_wconf 71' lang='lat' dir='ltr'>Capitonis,</span> <span class='ocrx_word' id='word_1_37' title='bbox 648 717 740 775; x_wconf 91' lang='lat' dir='ltr'>quem</span> <span class='ocrx_word' id='word_1_38' title='bbox 761 697 952 775; x_wconf 79' lang='lat' dir='ltr'>proditorem</span> <span class='ocrx_word' id='word_1_39' title='bbox 974 695 1263 761; x_wconf 78' lang='lat' dir='ltr'>Tarracinensium</span> 
     </span>
     <span class='ocr_line' id='line_1_7' title="bbox 295 792 1264 874; baseline 0 -19"><span class='ocrx_word' id='word_1_40' title='bbox 295 798 439 859; x_wconf 82' lang='lat' dir='ltr'>diximus,</span> <span class='ocrx_word' id='word_1_41' title='bbox 456 795 594 874; x_wconf 88' lang='lat' dir='ltr'>patibulo</span> <span class='ocrx_word' id='word_1_42' title='bbox 610 794 717 851; x_wconf 77' lang='lat' dir='ltr'>allisus</span> <span class='ocrx_word' id='word_1_43' title='bbox 733 793 763 850; x_wconf 96' lang='lat' dir='ltr'>in</span> <span class='ocrx_word' id='word_1_44' title='bbox 780 793 878 851; x_wconf 86' lang='lat' dir='ltr'>isdem</span> <span class='ocrx_word' id='word_1_45' title='bbox 892 792 993 850; x_wconf 91' lang='lat' dir='ltr'>anulis</span> <span class='ocrx_word' id='word_1_46' title='bbox 1007 811 1087 870; x_wconf 85' lang='lat' dir='ltr'>quos</span> <span class='ocrx_word' id='word_1_47' title='bbox 1102 812 1264 874; x_wconf 88' lang='lat' dir='ltr'>acceptos</span> 
     </span>
     <span class='ocr_line' id='line_1_8' title="bbox 295 889 1264 970; baseline -0.01 -19"><span class='ocrx_word' id='word_1_48' title='bbox 295 914 312 951; x_wconf 93' lang='lat' dir='ltr'>a</span> <span class='ocrx_word' id='word_1_49' title='bbox 335 893 463 950; x_wconf 77' lang='lat' dir='ltr'>Vitellio</span> <span class='ocrx_word' id='word_1_50' title='bbox 485 891 636 969; x_wconf 71' lang='lat' dir='ltr'>gestabat.</span> <span class='ocrx_word' id='word_1_51' title='bbox 679 890 723 948; x_wconf 77' lang='lat' dir='ltr'>At</span> <span class='ocrx_word' id='word_1_52' title='bbox 746 889 864 948; x_wconf 82' lang='lat' dir='ltr'>Rornae</span> <span class='ocrx_word' id='word_1_53' title='bbox 884 901 1010 947; x_wconf 90' lang='lat' dir='ltr'>senatus</span> <span class='ocrx_word' id='word_1_54' title='bbox 1030 902 1148 948; x_wconf 88' lang='lat' dir='ltr'>cuncta</span> <span class='ocrx_word' id='word_1_55' title='bbox 1172 893 1264 970; x_wconf 83' lang='lat' dir='ltr'>prin.</span> 
     </span>
     <span class='ocr_line' id='line_1_9' title="bbox 294 985 1262 1068; baseline -0.002 -20"><span class='ocrx_word' id='word_1_56' title='bbox 294 990 413 1068; x_wconf 81' lang='lat' dir='ltr'>cipibus</span> <span class='ocrx_word' id='word_1_57' title='bbox 424 989 515 1047; x_wconf 89' lang='lat' dir='ltr'>solita</span> <span class='ocrx_word' id='word_1_58' title='bbox 528 986 718 1064; x_wconf 71' lang='lat' dir='ltr'>Vespasiano</span> <span class='ocrx_word' id='word_1_59' title='bbox 730 985 880 1055; x_wconf 83' lang='lat' dir='ltr'>decernit,</span> <span class='ocrx_word' id='word_1_60' title='bbox 893 986 991 1043; x_wconf 86' lang='lat' dir='ltr'>lactus</span> <span class='ocrx_word' id='word_1_61' title='bbox 1001 996 1034 1042; x_wconf 91' lang='lat' dir='ltr'>et</span> <span class='ocrx_word' id='word_1_62' title='bbox 1049 985 1120 1062; x_wconf 87' lang='lat' dir='ltr'>spei</span> <span class='ocrx_word' id='word_1_63' title='bbox 1135 1004 1262 1061; x_wconf 84' lang='lat' dir='ltr'>certus,</span> 
     </span>
     <span class='ocr_line' id='line_1_10' title="bbox 294 1080 1263 1165; baseline 0.002 -22"><span class='ocrx_word' id='word_1_64' title='bbox 294 1088 407 1165; x_wconf 75' lang='lat' dir='ltr'>quiippe</span> <span class='ocrx_word' id='word_1_65' title='bbox 429 1099 552 1163; x_wconf 88' lang='lat' dir='ltr'>sumpta</span> <span class='ocrx_word' id='word_1_66' title='bbox 575 1106 628 1162; x_wconf 89' lang='lat' dir='ltr'>per</span> <span class='ocrx_word' id='word_1_67' title='bbox 643 1084 759 1142; x_wconf 81' lang='lat' dir='ltr'>Gallias</span> <span class='ocrx_word' id='word_1_68' title='bbox 779 1081 1004 1160; x_wconf 85' lang='lat' dir='ltr'>Hispaniasque</span> <span class='ocrx_word' id='word_1_69' title='bbox 1023 1080 1134 1141; x_wconf 79' lang='lat' dir='ltr'>ciuilia</span> <span class='ocrx_word' id='word_1_70' title='bbox 1157 1104 1263 1157; x_wconf 85' lang='lat' dir='ltr'>arma,</span> 
     </span>
    </p>

    <p class='ocr_par' dir='ltr' id='par_1_4' title="bbox 242 1176 1262 1649">
     <span class='ocr_line' id='line_1_11' title="bbox 242 1176 1260 1259; baseline -0.005 -17"><span class='ocrx_word' id='word_1_71' title='bbox 242 1198 272 1243; x_wconf 76' lang='lat'>15</span> <span class='ocrx_word' id='word_1_72' title='bbox 293 1184 386 1242; x_wconf 85' lang='lat' dir='ltr'>rnotis</span> <span class='ocrx_word' id='word_1_73' title='bbox 410 1184 450 1242; x_wconf 89' lang='lat' dir='ltr'>ad</span> <span class='ocrx_word' id='word_1_74' title='bbox 472 1184 587 1241; x_wconf 78' lang='lat' dir='ltr'>bellum</span> <span class='ocrx_word' id='word_1_75' title='bbox 613 1180 797 1250; x_wconf 70' lang='lat' dir='ltr'>Gerrnauiis,</span> <span class='ocrx_word' id='word_1_76' title='bbox 820 1198 893 1236; x_wconf 81' lang='lat' dir='ltr'>mox</span> <span class='ocrx_word' id='word_1_77' title='bbox 919 1176 1054 1255; x_wconf 74' lang='lat' dir='ltr'>Illyrico,</span> <span class='ocrx_word' id='word_1_78' title='bbox 1077 1192 1260 1259; x_wconf 80' lang='lat' dir='ltr'>postquam</span> 
     </span>
     <span class='ocr_line' id='line_1_12' title="bbox 295 1273 1262 1360; baseline 0 -22"><span class='ocrx_word' id='word_1_79' title='bbox 295 1282 475 1360; x_wconf 74' lang='lat' dir='ltr'>Aegyptum</span> <span class='ocrx_word' id='word_1_80' title='bbox 495 1281 648 1340; x_wconf 83' lang='lat' dir='ltr'>Jn-lueanr</span> <span class='ocrx_word' id='word_1_81' title='bbox 672 1277 855 1355; x_wconf 70' lang='lat' dir='ltr'>Syrnnuque</span> <span class='ocrx_word' id='word_1_82' title='bbox 883 1287 914 1332; x_wconf 93' lang='lat' dir='ltr'>et</span> <span class='ocrx_word' id='word_1_83' title='bbox 943 1273 1043 1333; x_wconf 86' lang='lat' dir='ltr'>omnis</span> <span class='ocrx_word' id='word_1_84' title='bbox 1068 1276 1262 1352; x_wconf 75' lang='lat' dir='ltr'>prouincias</span> 
     </span>
     <span class='ocr_line' id='line_1_13' title="bbox 294 1371 1260 1456; baseline -0.001 -20"><span class='ocrx_word' id='word_1_85' title='bbox 294 1378 509 1456; x_wconf 82' lang='lat' dir='ltr'>exercitusque</span> <span class='ocrx_word' id='word_1_86' title='bbox 524 1378 741 1445; x_wconf 78' lang='lat' dir='ltr'>lustrmerant,</span> <span class='ocrx_word' id='word_1_87' title='bbox 758 1373 841 1430; x_wconf 78' lang='lat' dir='ltr'>velut</span> <span class='ocrx_word' id='word_1_88' title='bbox 857 1371 983 1448; x_wconf 81' lang='lat' dir='ltr'>expiato</span> <span class='ocrx_word' id='word_1_89' title='bbox 998 1382 1161 1431; x_wconf 85' lang='lat' dir='ltr'>terrarum</span> <span class='ocrx_word' id='word_1_90' title='bbox 1176 1376 1260 1435; x_wconf 88' lang='lat' dir='ltr'>orbe</span> 
     </span>
     <span class='ocr_line' id='line_1_14' title="bbox 295 1467 1262 1554; baseline -0.001 -21"><span class='ocrx_word' id='word_1_91' title='bbox 295 1477 410 1554; x_wconf 66' lang='lat' dir='ltr'>cepisse</span> <span class='ocrx_word' id='word_1_92' title='bbox 424 1477 517 1533; x_wconf 82' lang='lat' dir='ltr'>tirnun</span> <span class='ocrx_word' id='word_1_93' title='bbox 534 1475 736 1545; x_wconf 78' lang='lat' dir='ltr'>ridebantur3</span> <span class='ocrx_word' id='word_1_94' title='bbox 757 1470 905 1529; x_wconf 75' lang='lat' dir='ltr'>addidere</span> <span class='ocrx_word' id='word_1_95' title='bbox 920 1467 1113 1527; x_wconf 84' lang='lat' dir='ltr'>alacritatem</span> <span class='ocrx_word' id='word_1_96' title='bbox 1130 1469 1262 1551; x_wconf 72' lang='lat' dir='ltr'>Vespa-</span> 
     </span>
     <span class='ocr_line' id='line_1_15' title="bbox 294 1564 1260 1649; baseline -0.001 -19"><span class='ocrx_word' id='word_1_97' title='bbox 294 1573 371 1629; x_wconf 84' lang='lat' dir='ltr'>siani</span> <span class='ocrx_word' id='word_1_98' title='bbox 388 1573 503 1635; x_wconf 75' lang='lat' dir='ltr'>liu-rae,</span> <span class='ocrx_word' id='word_1_99' title='bbox 514 1586 660 1649; x_wconf 85' lang='lat' dir='ltr'>tanquam</span> <span class='ocrx_word' id='word_1_100' title='bbox 673 1584 817 1628; x_wconf 88' lang='lat' dir='ltr'>manente</span> <span class='ocrx_word' id='word_1_101' title='bbox 832 1567 913 1626; x_wconf 88' lang='lat' dir='ltr'>bello</span> <span class='ocrx_word' id='word_1_102' title='bbox 927 1564 1078 1642; x_wconf 82' lang='lat' dir='ltr'>scriptae:</span> <span class='ocrx_word' id='word_1_103' title='bbox 1093 1585 1134 1623; x_wconf 88' lang='lat' dir='ltr'>ea</span> <span class='ocrx_word' id='word_1_104' title='bbox 1149 1570 1260 1645; x_wconf 90' lang='lat' dir='ltr'>prirua</span> 
     </span>
    </p>

    <p class='ocr_par' dir='ltr' id='par_1_5' title="bbox 241 1660 1260 2034">
     <span class='ocr_line' id='line_1_16' title="bbox 241 1660 1260 1745; baseline -0.001 -19"><span class='ocrx_word' id='word_1_105' title='bbox 241 1682 272 1726; x_wconf 76' lang='lat' dir='ltr'>ao</span> <span class='ocrx_word' id='word_1_106' title='bbox 294 1670 395 1745; x_wconf 84' lang='lat' dir='ltr'>specie</span> <span class='ocrx_word' id='word_1_107' title='bbox 410 1668 530 1738; x_wconf 77' lang='lat' dir='ltr'>iorni-13</span> <span class='ocrx_word' id='word_1_108' title='bbox 552 1682 689 1725; x_wconf 80' lang='lat' dir='ltr'>ceterum</span> <span class='ocrx_word' id='word_1_109' title='bbox 711 1681 745 1726; x_wconf 89' lang='lat' dir='ltr'>ut</span> <span class='ocrx_word' id='word_1_110' title='bbox 769 1665 912 1744; x_wconf 84' lang='lat' dir='ltr'>princeps</span> <span class='ocrx_word' id='word_1_111' title='bbox 934 1660 1129 1739; x_wconf 77' lang='lat' dir='ltr'>loquebatur,</span> <span class='ocrx_word' id='word_1_112' title='bbox 1146 1664 1260 1725; x_wconf 76' lang='lat' dir='ltr'>ciuilia</span> 
     </span>
     <span class='ocr_line' id='line_1_17' title="bbox 295 1758 1260 1842; baseline 0 -23"><span class='ocrx_word' id='word_1_113' title='bbox 295 1765 334 1821; x_wconf 90' lang='lat' dir='ltr'>dc</span> <span class='ocrx_word' id='word_1_114' title='bbox 356 1785 388 1821; x_wconf 79' lang='lat' dir='ltr'>sc</span> <span class='ocrx_word' id='word_1_115' title='bbox 409 1777 440 1822; x_wconf 83' lang='lat' dir='ltr'>ct</span> <span class='ocrx_word' id='word_1_116' title='bbox 463 1763 648 1840; x_wconf 52' lang='lat' dir='ltr'>reipublicae</span> <span class='ocrx_word' id='word_1_117' title='bbox 670 1764 813 1842; x_wconf 73' lang='lat' dir='ltr'>egregia:</span> <span class='ocrx_word' id='word_1_118' title='bbox 836 1780 892 1819; x_wconf 77' lang='lat' dir='ltr'>nee</span> <span class='ocrx_word' id='word_1_119' title='bbox 914 1770 1040 1817; x_wconf 66' lang='lat' dir='ltr'>sensatus</span> <span class='ocrx_word' id='word_1_120' title='bbox 1061 1758 1260 1838; x_wconf 54' lang='lat' dir='ltr'>olleo-quium</span> 
     </span>
     <span class='ocr_line' id='line_1_18' title="bbox 295 1855 1260 1938; baseline 0.004 -23"><span class='ocrx_word' id='word_1_121' title='bbox 295 1860 412 1919; x_wconf 85' lang='lat' dir='ltr'>deerat.</span> <span class='ocrx_word' id='word_1_122' title='bbox 447 1860 510 1938; x_wconf 82' lang='lat' dir='ltr'>Ipsi</span> <span class='ocrx_word' id='word_1_123' title='bbox 526 1860 703 1918; x_wconf 83' lang='lat' dir='ltr'>consulatus</span> <span class='ocrx_word' id='word_1_124' title='bbox 718 1880 788 1918; x_wconf 89' lang='lat' dir='ltr'>cum</span> <span class='ocrx_word' id='word_1_125' title='bbox 803 1858 875 1917; x_wconf 82' lang='lat' dir='ltr'>&#39;rito</span> <span class='ocrx_word' id='word_1_126' title='bbox 889 1856 963 1925; x_wconf 89' lang='lat' dir='ltr'>filio,</span> <span class='ocrx_word' id='word_1_127' title='bbox 979 1867 1126 1934; x_wconf 64' lang='lat' dir='ltr'>[tractura</span> <span class='ocrx_word' id='word_1_128' title='bbox 1141 1855 1260 1919; x_wconf 86' lang='lat' dir='ltr'>Domi-</span> 
     </span>
     <span class='ocr_line' id='line_1_19' title="bbox 294 1955 1010 2034; baseline -0.01 -19"><span class='ocrx_word' id='word_1_129' title='bbox 294 1958 379 2015; x_wconf 88' lang='lat' dir='ltr'>tiano</span> <span class='ocrx_word' id='word_1_130' title='bbox 395 1968 425 2015; x_wconf 90' lang='lat' dir='ltr'>ct</span> <span class='ocrx_word' id='word_1_131' title='bbox 440 1957 600 2014; x_wconf 76' lang='lat' dir='ltr'>consulare</span> <span class='ocrx_word' id='word_1_132' title='bbox 616 1957 776 2034; x_wconf 87' lang='lat' dir='ltr'>imperium</span> <span class='ocrx_word' id='word_1_133' title='bbox 791 1955 1010 2013; x_wconf 86' lang='lat' dir='ltr'>decernuntur.</span> 
     </span>
    </p>

    <p class='ocr_par' dir='ltr' id='par_1_6' title="bbox 294 2050 1260 2910">
     <span class='ocr_line' id='line_1_20' title="bbox 337 2050 1258 2128; baseline 0.003 -16"><span class='ocrx_word' id='word_1_134' title='bbox 337 2057 382 2112; x_wconf 92' lang='grc'>11.</span> <span class='ocrx_word' id='word_1_135' title='bbox 410 2054 478 2111; x_wconf 91' lang='lat' dir='ltr'>Tali</span> <span class='ocrx_word' id='word_1_136' title='bbox 494 2075 595 2112; x_wconf 85' lang='lat' dir='ltr'>rernrn</span> <span class='ocrx_word' id='word_1_137' title='bbox 609 2066 703 2123; x_wconf 80' lang='lat' dir='ltr'>statu,</span> <span class='ocrx_word' id='word_1_138' title='bbox 719 2073 788 2111; x_wconf 85' lang='lat' dir='ltr'>carn</span> <span class='ocrx_word' id='word_1_139' title='bbox 804 2050 958 2109; x_wconf 86' lang='lat' dir='ltr'>discordia</span> <span class='ocrx_word' id='word_1_140' title='bbox 974 2050 1055 2110; x_wconf 82' lang='lat' dir='ltr'>iuter</span> <span class='ocrx_word' id='word_1_141' title='bbox 1068 2065 1193 2128; x_wconf 81' lang='lat' dir='ltr'>patres,</span> <span class='ocrx_word' id='word_1_142' title='bbox 1209 2057 1258 2117; x_wconf 86' lang='lat' dir='ltr'>ira</span> 
     </span>
     <span class='ocr_line' id='line_1_21' title="bbox 295 2148 1256 2232; baseline 0 -23"><span class='ocrx_word' id='word_1_143' title='bbox 295 2153 376 2230; x_wconf 91' lang='lat' dir='ltr'>apud</span> <span class='ocrx_word' id='word_1_144' title='bbox 400 2153 507 2211; x_wconf 76' lang='lat' dir='ltr'>victos.</span> <span class='ocrx_word' id='word_1_145' title='bbox 529 2152 612 2209; x_wconf 92' lang='lat' dir='ltr'>nulla</span> <span class='ocrx_word' id='word_1_146' title='bbox 633 2152 663 2208; x_wconf 96' lang='lat' dir='ltr'>iu</span> <span class='ocrx_word' id='word_1_147' title='bbox 686 2150 855 2208; x_wconf 80' lang='lat' dir='ltr'>victoribus</span> <span class='ocrx_word' id='word_1_148' title='bbox 875 2148 1052 2219; x_wconf 87' lang='lat' dir='ltr'>auctoritas,</span> <span class='ocrx_word' id='word_1_149' title='bbox 1065 2168 1129 2207; x_wconf 90' lang='lat' dir='ltr'>non</span> <span class='ocrx_word' id='word_1_150' title='bbox 1153 2151 1256 2232; x_wconf 77' lang='lat' dir='ltr'>leges,</span> 
     </span>
     <span class='ocr_line' id='line_1_22' title="bbox 294 2246 1258 2329; baseline 0 -23"><span class='ocrx_word' id='word_1_151' title='bbox 294 2270 355 2307; x_wconf 94' lang='lat' dir='ltr'>non</span> <span class='ocrx_word' id='word_1_152' title='bbox 368 2250 508 2329; x_wconf 88' lang='lat' dir='ltr'>prinecps</span> <span class='ocrx_word' id='word_1_153' title='bbox 524 2248 553 2306; x_wconf 92' lang='lat' dir='ltr'>in</span> <span class='ocrx_word' id='word_1_154' title='bbox 570 2248 697 2306; x_wconf 79' lang='lat' dir='ltr'>civitate</span> <span class='ocrx_word' id='word_1_155' title='bbox 709 2257 822 2319; x_wconf 87' lang='lat' dir='ltr'>essent,</span> <span class='ocrx_word' id='word_1_156' title='bbox 834 2246 996 2306; x_wconf 80' lang='lat' dir='ltr'>Mucianus</span> <span class='ocrx_word' id='word_1_157' title='bbox 1008 2246 1118 2306; x_wconf 85' lang='lat' dir='ltr'>urbem</span> <span class='ocrx_word' id='word_1_158' title='bbox 1133 2248 1258 2328; x_wconf 77' lang='lat' dir='ltr'>ingres-</span> 
     </span>
     <span class='ocr_line' id='line_1_23' title="bbox 294 2344 1257 2417; baseline 0.013 -13"><span class='ocrx_word' id='word_1_159' title='bbox 294 2367 345 2405; x_wconf 87' lang='lat' dir='ltr'>sus</span> <span class='ocrx_word' id='word_1_160' title='bbox 366 2361 477 2406; x_wconf 88' lang='lat' dir='ltr'>cuncta</span> <span class='ocrx_word' id='word_1_161' title='bbox 498 2346 588 2404; x_wconf 90' lang='lat' dir='ltr'>simul</span> <span class='ocrx_word' id='word_1_162' title='bbox 611 2345 640 2403; x_wconf 94' lang='lat' dir='ltr'>in</span> <span class='ocrx_word' id='word_1_163' title='bbox 663 2364 696 2402; x_wconf 86' lang='lat' dir='ltr'>se</span> <span class='ocrx_word' id='word_1_164' title='bbox 718 2345 823 2403; x_wconf 80' lang='lat' dir='ltr'>traxit.</span> <span class='ocrx_word' id='word_1_165' title='bbox 865 2344 979 2405; x_wconf 82' lang='lat' dir='ltr'>Fracta</span> <span class='ocrx_word' id='word_1_166' title='bbox 998 2349 1097 2408; x_wconf 88' lang='lat' dir='ltr'>Primi</span> <span class='ocrx_word' id='word_1_167' title='bbox 1112 2352 1257 2417; x_wconf 82' lang='lat' dir='ltr'>Antonii</span> 
     </span>
     <span class='ocr_line' id='line_1_24' title="bbox 295 2444 1258 2523; baseline 0.006 -22"><span class='ocrx_word' id='word_1_168' title='bbox 295 2444 434 2523; x_wconf 72' lang='lat' dir='ltr'>Varique</span> <span class='ocrx_word' id='word_1_169' title='bbox 455 2447 541 2502; x_wconf 75' lang='lat' dir='ltr'>Arrii</span> <span class='ocrx_word' id='word_1_170' title='bbox 564 2446 714 2522; x_wconf 86' lang='lat' dir='ltr'>potentia,</span> <span class='ocrx_word' id='word_1_171' title='bbox 735 2447 814 2503; x_wconf 76' lang='lat' dir='ltr'>rurale</span> <span class='ocrx_word' id='word_1_172' title='bbox 836 2445 1029 2505; x_wconf 85' lang='lat' dir='ltr'>dissimulata</span> <span class='ocrx_word' id='word_1_173' title='bbox 1049 2446 1082 2503; x_wconf 90' lang='lat' dir='ltr'>in</span> <span class='ocrx_word' id='word_1_174' title='bbox 1103 2467 1160 2507; x_wconf 80' lang='lat' dir='ltr'>eos</span> <span class='ocrx_word' id='word_1_175' title='bbox 1183 2451 1258 2513; x_wconf 75' lang='lat' dir='ltr'>Mu.</span> 
     </span>
     <span class='ocr_line' id='line_1_25' title="bbox 294 2540 1258 2620; baseline 0.007 -22"><span class='ocrx_word' id='word_1_176' title='bbox 294 2540 374 2598; x_wconf 88' lang='lat' dir='ltr'>ciani</span> <span class='ocrx_word' id='word_1_177' title='bbox 397 2540 564 2609; x_wconf 81' lang='lat' dir='ltr'>iracundia,</span> <span class='ocrx_word' id='word_1_178' title='bbox 580 2541 720 2617; x_wconf 78' lang='lat' dir='ltr'>quamvis</span> <span class='ocrx_word' id='word_1_179' title='bbox 734 2542 824 2600; x_wconf 78' lang='lat' dir='ltr'>vultu</span> <span class='ocrx_word' id='word_1_180' title='bbox 846 2555 1012 2620; x_wconf 81' lang='lat' dir='ltr'>tegeretur.</span> <span class='ocrx_word' id='word_1_181' title='bbox 1055 2540 1120 2600; x_wconf 86' lang='lat' dir='ltr'>Sed</span> <span class='ocrx_word' id='word_1_182' title='bbox 1136 2544 1258 2610; x_wconf 76' lang='lat' dir='ltr'>civitas</span> 
     </span>
     <span class='ocr_line' id='line_1_26' title="bbox 296 2635 1258 2718; baseline 0.009 -25"><span class='ocrx_word' id='word_1_183' title='bbox 296 2637 445 2694; x_wconf 88' lang='lat' dir='ltr'>rimandis</span> <span class='ocrx_word' id='word_1_184' title='bbox 457 2635 580 2694; x_wconf 82' lang='lat' dir='ltr'>offensis</span> <span class='ocrx_word' id='word_1_185' title='bbox 592 2656 687 2715; x_wconf 83' lang='lat' dir='ltr'>sagax</span> <span class='ocrx_word' id='word_1_186' title='bbox 699 2649 834 2697; x_wconf 79' lang='lat' dir='ltr'>verterat</span> <span class='ocrx_word' id='word_1_187' title='bbox 849 2658 882 2697; x_wconf 88' lang='lat' dir='ltr'>se</span> <span class='ocrx_word' id='word_1_188' title='bbox 897 2638 1184 2718; x_wconf 83' lang='lat' dir='ltr'>transtuleratque:</span> <span class='ocrx_word' id='word_1_189' title='bbox 1200 2646 1258 2708; x_wconf 74' lang='lat' dir='ltr'>ille</span> 
     </span>
     <span class='ocr_line' id='line_1_27' title="bbox 295 2731 1258 2815; baseline 0.016 -26"><span class='ocrx_word' id='word_1_190' title='bbox 295 2753 373 2790; x_wconf 87' lang='lat' dir='ltr'>uuus</span> <span class='ocrx_word' id='word_1_191' title='bbox 401 2731 521 2801; x_wconf 84' lang='lat' dir='ltr'>ambiri,</span> <span class='ocrx_word' id='word_1_192' title='bbox 542 2734 619 2805; x_wconf 90' lang='lat' dir='ltr'>eoli;</span> <span class='ocrx_word' id='word_1_193' title='bbox 647 2753 704 2792; x_wconf 87' lang='lat' dir='ltr'>uec</span> <span class='ocrx_word' id='word_1_194' title='bbox 725 2734 832 2793; x_wconf 89' lang='lat' dir='ltr'>deerat</span> <span class='ocrx_word' id='word_1_195' title='bbox 853 2735 928 2812; x_wconf 87' lang='lat' dir='ltr'>ipse,</span> <span class='ocrx_word' id='word_1_196' title='bbox 948 2735 1082 2812; x_wconf 88' lang='lat' dir='ltr'>stipatus</span> <span class='ocrx_word' id='word_1_197' title='bbox 1109 2745 1258 2815; x_wconf 84' lang='lat' dir='ltr'>armatis,</span> 
     </span>
     <span class='ocr_line' id='line_1_28' title="bbox 294 2830 1260 2910; baseline 0.017 -23"><span class='ocrx_word' id='word_1_198' title='bbox 294 2830 403 2887; x_wconf 84' lang='lat' dir='ltr'>domos</span> <span class='ocrx_word' id='word_1_199' title='bbox 418 2830 586 2906; x_wconf 87' lang='lat' dir='ltr'>hortosque</span> <span class='ocrx_word' id='word_1_200' title='bbox 602 2843 791 2907; x_wconf 83' lang='lat' dir='ltr'>permutans,</span> <span class='ocrx_word' id='word_1_201' title='bbox 802 2846 962 2910; x_wconf 87' lang='lat' dir='ltr'>apparatu,</span> <span class='ocrx_word' id='word_1_202' title='bbox 973 2832 1093 2892; x_wconf 79' lang='lat' dir='ltr'>incessu</span> <span class='ocrx_word' id='word_1_203' title='bbox 1107 2840 1260 2903; x_wconf 79' lang='lat' dir='ltr'>excubiis</span> 
     </span>
    </p>

    <p class='ocr_par' dir='ltr' id='par_1_7' title="bbox 242 2924 1259 3397">
     <span class='ocr_line' id='line_1_29' title="bbox 242 2924 1259 3003; baseline 0.008 -19"><span class='ocrx_word' id='word_1_204' title='bbox 242 2942 271 2984; x_wconf 89' lang='lat'>10</span> <span class='ocrx_word' id='word_1_205' title='bbox 294 2925 357 2983; x_wconf 79' lang='lat' dir='ltr'>uini</span> <span class='ocrx_word' id='word_1_206' title='bbox 378 2924 526 3002; x_wconf 87' lang='lat' dir='ltr'>principis</span> <span class='ocrx_word' id='word_1_207' title='bbox 551 2925 706 3003; x_wconf 87' lang='lat' dir='ltr'>amplecti,</span> <span class='ocrx_word' id='word_1_208' title='bbox 727 2947 840 2986; x_wconf 90' lang='lat' dir='ltr'>nornen</span> <span class='ocrx_word' id='word_1_209' title='bbox 862 2929 1028 2987; x_wconf 86' lang='lat' dir='ltr'>remittere.</span> <span class='ocrx_word' id='word_1_210' title='bbox 1069 2929 1259 2998; x_wconf 87' lang='lat' dir='ltr'>Plurimum</span> 
     </span>
     <span class='ocr_line' id='line_1_30' title="bbox 294 3019 1259 3099; baseline 0.016 -21"><span class='ocrx_word' id='word_1_211' title='bbox 294 3020 422 3078; x_wconf 82' lang='lat' dir='ltr'>terroris</span> <span class='ocrx_word' id='word_1_212' title='bbox 438 3019 542 3077; x_wconf 89' lang='lat' dir='ltr'>intulit</span> <span class='ocrx_word' id='word_1_213' title='bbox 556 3021 666 3079; x_wconf 90' lang='lat' dir='ltr'>caedes</span> <span class='ocrx_word' id='word_1_214' title='bbox 679 3020 838 3099; x_wconf 82' lang='lat' dir='ltr'>Calpurnii</span> <span class='ocrx_word' id='word_1_215' title='bbox 853 3021 1018 3083; x_wconf 90' lang='lat' dir='ltr'>Galeriani.</span> <span class='ocrx_word' id='word_1_216' title='bbox 1047 3022 1152 3086; x_wconf 80' lang='lat' dir='ltr'>isfuit</span> <span class='ocrx_word' id='word_1_217' title='bbox 1169 3029 1259 3093; x_wconf 88' lang='lat' dir='ltr'>filins</span> 
     </span>
     <span class='ocr_line' id='line_1_31' title="bbox 294 3115 1259 3201; baseline 0.012 -26"><span class='ocrx_word' id='word_1_218' title='bbox 294 3115 349 3175; x_wconf 85' lang='lat' dir='ltr'>Cai</span> <span class='ocrx_word' id='word_1_219' title='bbox 365 3115 497 3189; x_wconf 90' lang='lat' dir='ltr'>Pisonis,</span> <span class='ocrx_word' id='word_1_220' title='bbox 513 3118 589 3177; x_wconf 92' lang='lat' dir='ltr'>nihil</span> <span class='ocrx_word' id='word_1_221' title='bbox 605 3139 713 3179; x_wconf 90' lang='lat' dir='ltr'>ausus:</span> <span class='ocrx_word' id='word_1_222' title='bbox 735 3121 790 3178; x_wconf 89' lang='lat' dir='ltr'>scd</span> <span class='ocrx_word' id='word_1_223' title='bbox 806 3141 916 3180; x_wconf 89' lang='lat' dir='ltr'>nomen</span> <span class='ocrx_word' id='word_1_224' title='bbox 938 3122 1058 3201; x_wconf 82' lang='lat' dir='ltr'>insigne</span> <span class='ocrx_word' id='word_1_225' title='bbox 1078 3133 1110 3182; x_wconf 81' lang='lat' dir='ltr'>et</span> <span class='ocrx_word' id='word_1_226' title='bbox 1132 3124 1259 3190; x_wconf 86' lang='lat' dir='ltr'>decora</span> 
     </span>
     <span class='ocr_line' id='line_1_32' title="bbox 294 3213 1258 3304; baseline 0.013 -33"><span class='ocrx_word' id='word_1_227' title='bbox 294 3213 389 3292; x_wconf 89' lang='lat' dir='ltr'>ipsius</span> <span class='ocrx_word' id='word_1_228' title='bbox 415 3216 548 3295; x_wconf 81' lang='lat' dir='ltr'>juventa</span> <span class='ocrx_word' id='word_1_229' title='bbox 572 3235 694 3275; x_wconf 89' lang='lat' dir='ltr'>rumore</span> <span class='ocrx_word' id='word_1_230' title='bbox 717 3218 802 3296; x_wconf 80' lang='lat' dir='ltr'>vulgi</span> <span class='ocrx_word' id='word_1_231' title='bbox 830 3219 1074 3283; x_wconf 84' lang='lat' dir='ltr'>celebrabantur.</span> <span class='ocrx_word' id='word_1_232' title='bbox 1094 3236 1258 3304; x_wconf 86' lang='lat' dir='ltr'>erantque</span> 
     </span>
     <span class='ocr_line' id='line_1_33' title="bbox 293 3310 1257 3397; baseline 0.016 -30"><span class='ocrx_word' id='word_1_233' title='bbox 293 3310 325 3368; x_wconf 93' lang='lat' dir='ltr'>iu</span> <span class='ocrx_word' id='word_1_234' title='bbox 347 3311 484 3383; x_wconf 81' lang='lat' dir='ltr'>ciuitate,</span> <span class='ocrx_word' id='word_1_235' title='bbox 506 3313 608 3372; x_wconf 85' lang='lat' dir='ltr'>adbuc</span> <span class='ocrx_word' id='word_1_236' title='bbox 630 3314 755 3373; x_wconf 86' lang='lat' dir='ltr'>turbida</span> <span class='ocrx_word' id='word_1_237' title='bbox 775 3328 807 3373; x_wconf 88' lang='lat' dir='ltr'>ct</span> <span class='ocrx_word' id='word_1_238' title='bbox 829 3316 918 3374; x_wconf 82' lang='lat' dir='ltr'>novis</span> <span class='ocrx_word' id='word_1_239' title='bbox 939 3317 1131 3376; x_wconf 83' lang='lat' dir='ltr'>sermonibus</span> <span class='ocrx_word' id='word_1_240' title='bbox 1154 3320 1257 3397; x_wconf 78' lang='lat' dir='ltr'>laeta,</span> 
     </span>
    </p>

    <p class='ocr_par' dir='ltr' id='par_1_8' title="bbox 240 3408 1257 3588">
     <span class='ocr_line' id='line_1_34' title="bbox 240 3408 1257 3486; baseline 0.012 -21"><span class='ocrx_word' id='word_1_241' title='bbox 240 3423 270 3466; x_wconf 77' lang='lat'>1³</span> <span class='ocrx_word' id='word_1_242' title='bbox 292 3408 344 3484; x_wconf 91' lang='lat' dir='ltr'>qui</span> <span class='ocrx_word' id='word_1_243' title='bbox 360 3409 551 3486; x_wconf 86' lang='lat' dir='ltr'>principatus</span> <span class='ocrx_word' id='word_1_244' title='bbox 566 3409 689 3469; x_wconf 88' lang='lat' dir='ltr'>inanem</span> <span class='ocrx_word' id='word_1_245' title='bbox 703 3411 732 3469; x_wconf 94' lang='lat' dir='ltr'>ei</span> <span class='ocrx_word' id='word_1_246' title='bbox 747 3411 859 3469; x_wconf 80' lang='lat' dir='ltr'>linnam</span> <span class='ocrx_word' id='word_1_247' title='bbox 874 3412 1112 3473; x_wconf 74' lang='lat' dir='ltr'>circumdarent.</span> <span class='ocrx_word' id='word_1_248' title='bbox 1148 3416 1174 3476; x_wconf 88' lang='lat' dir='ltr'>J</span> <span class='ocrx_word' id='word_1_249' title='bbox 1177 3438 1257 3483; x_wconf 82' lang='lat' dir='ltr'>ussu</span> 
     </span>
     <span class='ocr_line' id='line_1_35' title="bbox 293 3500 1256 3588; baseline 0.011 -28"><span class='ocrx_word' id='word_1_250' title='bbox 293 3500 432 3566; x_wconf 80' lang='lat' dir='ltr'>Muciani</span> <span class='ocrx_word' id='word_1_251' title='bbox 447 3506 589 3564; x_wconf 87' lang='lat' dir='ltr'>custodia</span> <span class='ocrx_word' id='word_1_252' title='bbox 603 3504 729 3565; x_wconf 91' lang='lat' dir='ltr'>militari</span> <span class='ocrx_word' id='word_1_253' title='bbox 744 3506 873 3579; x_wconf 88' lang='lat' dir='ltr'>cinctus,</span> <span class='ocrx_word' id='word_1_254' title='bbox 888 3528 927 3566; x_wconf 93' lang='lat' dir='ltr'>ne</span> <span class='ocrx_word' id='word_1_255' title='bbox 944 3509 975 3566; x_wconf 92' lang='lat' dir='ltr'>iu</span> <span class='ocrx_word' id='word_1_256' title='bbox 990 3510 1057 3588; x_wconf 91' lang='lat' dir='ltr'>ipsa</span> <span class='ocrx_word' id='word_1_257' title='bbox 1078 3510 1155 3571; x_wconf 82' lang='lat' dir='ltr'>urbe</span> <span class='ocrx_word' id='word_1_258' title='bbox 1178 3534 1256 3578; x_wconf 83' lang='lat' dir='ltr'>oon.</span> 
     </span>
    </p>
   </div>
   <div class='ocr_carea' id='block_1_3' title="bbox 0 0 1294 3944">
    <p class='ocr_par' dir='ltr' id='par_1_9' title="bbox 0 0 1294 3944">
     <span class='ocr_line' id='line_1_36' title="bbox 0 0 1294 3944; baseline 0 1"><span class='ocrx_word' id='word_1_259' title='bbox 0 0 1294 3944; x_wconf 95' lang='lat' dir='ltr'> </span> 
     </span>
    </p>
   </div>
  </div>
 </body>
</html>
