2580 3944
214 142 278 207 130
496 158 696 209 exessum
716 157 935 210 meminus.

211 329 243 374 25
264 335 364 393 pauca
376 316 530 396 purgandi
543 316 593 376 sni
606 336 699 377 eausa
711 317 883 396 respondit,
898 317 1023 396 uulpem
1035 317 1069 379 in
1083 321 1236 388 militem

264 412 438 484 conferens,
453 413 540 492 cnjus
553 412 651 472 nimio
664 413 769 472 ardori
782 414 934 492 imparem
947 434 1014 473 esse
1027 416 1236 483 modestiam

264 526 371 582 auam3
391 518 424 568 et
443 510 565 568 monuit
585 508 773 581 Martialem,
786 520 823 568 nt
843 528 900 588 per
919 520 1070 570 secretam
1092 517 1235 580 aedium

263 617 385 682 partem
405 605 526 664 occulte
547 605 655 678 abiret,
668 624 709 664 ne
728 624 751 664 o
769 605 921 665 militibus
940 605 1161 673 internuntius
1181 614 1235 675 in·

264 700 348 759 visae
369 701 454 779 pacis
473 701 721 760 interficeretur:
748 701 816 779 ipse
836 721 937 781 neque
959 703 1094 781 jubendi
1116 727 1232 790 neque

209 813 240 857 su
261 798 388 857 vetandi
408 810 529 876 potem,
549 818 612 857 non
638 799 704 878 jam
724 799 896 877 imperator
915 799 972 860 sed
991 811 1122 863 tantum
1143 805 1228 868 belli

263 913 356 952 eausa
375 906 451 953 erat.

304 991 352 1048 71.
388 989 529 1049 Vixdum
543 1008 681 1068 regresso
695 990 728 1050 in
744 989 934 1069 Capitolium
947 991 1093 1054 Msrtiale
1105 994 1227 1059 furens

262 1085 350 1144 miles
378 1085 496 1157 aderat,
521 1086 606 1144 nullo
634 1087 724 1159 duce,
748 1087 809 1147 sibi
836 1088 966 1169 quisque
993 1100 1124 1151 auctor:
1155 1095 1226 1154 eito

262 1183 386 1262 agmine
399 1181 504 1241 forum
517 1192 549 1241 et
563 1182 758 1242 imminentia
777 1185 847 1245 foro
867 1186 987 1264 templs
1005 1192 1224 1265 praetervecti

263 1280 388 1358 erigunt
408 1278 507 1338 aciem
527 1297 583 1357 per
603 1279 769 1341 adversum
788 1282 900 1342 eollem
919 1302 1016 1362 nsque
1035 1282 1077 1342 ud
1097 1285 1224 1362 primas

265 1375 459 1454 Capitolinae
480 1375 558 1434 areis
578 1375 669 1436 fores.
710 1376 812 1437 Erant
831 1378 1002 1457 antiquitus
1019 1380 1165 1458 porticus
1185 1383 1223 1444 in

262 1473 359 1532 latere
386 1471 460 1531 cliui
486 1472 615 1532 dextrae
644 1473 855 1549 subeuntibus,
875 1475 909 1534 in
936 1494 1066 1554 quarum
1092 1486 1224 1540 tectum

262 1568 377 1645 egressi
391 1568 472 1627 saxis
486 1568 661 1649 tegulisque
676 1571 863 1632 Vitellianos
877 1572 1058 1632 obruebant.
1098 1571 1222 1654 Neque

262 1665 323 1724 illis
336 1683 446 1723 manus
459 1664 518 1723 nisi
532 1666 645 1744 gladiis
659 1678 815 1742 armatae3
834 1677 868 1728 et
887 1687 1042 1727 arcessere
1055 1678 1224 1733 tormenta

263 1774 317 1821 ant
330 1761 458 1821 missilia
471 1764 534 1821 tela
547 1763 676 1843 longum
691 1763 875 1824 videbatur:
894 1764 979 1823 faces
992 1764 1024 1823 in
1037 1765 1223 1843 prominen-

209 1875 241 1922 10
261 1872 324 1921 tem
339 1860 493 1940 porticum
509 1862 632 1940 jecere3
652 1871 685 1921 et
699 1861 908 1940 sequebantur
920 1860 1026 1939 ignem
1038 1860 1219 1924 ambustas-

261 1978 322 2038 que
344 1959 491 2037 Capitolii
518 1958 601 2018 fores
622 1968 845 2036 penetrassent,
866 1957 899 2016 ni
920 1956 1054 2017 Sabinus
1072 1958 1223 2022 revulsa

261 2056 399 2136 undique
419 2066 547 2130 statuas,
570 2054 683 2114 deeora
705 2054 866 2132 majorum,
887 2053 920 2113 in
944 2053 1011 2133 ipso
1034 2052 1124 2113 aditu
1145 2055 1223 2119 viee

261 2153 343 2212 muri
363 2153 537 2232 objecisset.
578 2153 662 2212 Tum
682 2150 822 2210 diversos
836 2148 984 2228 Capitolii
1003 2147 1108 2209 aditus
1127 2149 1224 2213 inva-

261 2251 352 2323 dunt,
365 2252 456 2332 juxta
473 2252 578 2311 lucum
592 2249 670 2329 asyli
691 2257 724 2307 et
744 2266 806 2327 qua
819 2245 954 2325 Tarpeia
972 2263 1066 2324 rupes
1084 2256 1223 2310 eentum

209 2364 240 2409 15
260 2349 409 2428 gradibus
423 2348 545 2407 aditur:
566 2345 735 2426 improvisa
748 2355 878 2422 utraque
891 2343 959 2416 vis;
977 2341 1104 2421 propior
1116 2352 1221 2423 atque

262 2446 363 2504 aerior
375 2465 432 2524 per
445 2446 566 2523 asylum
586 2442 762 2523 ingruebat.
802 2439 834 2499 N
837 2459 874 2498 ee
887 2438 956 2499 sisti
968 2446 1114 2516 poterant
1126 2457 1222 2501 seen·

261 2542 372 2601 dentes
385 2561 443 2620 per
456 2542 623 2619 conjuncta
636 2538 787 2610 aedificia,
801 2555 890 2615 qnae,
903 2546 940 2594 nt
955 2534 988 2594 in
1008 2534 1108 2593 multa
1126 2554 1221 2613 paco,

261 2637 293 2695 iu
309 2636 407 2695 altum
421 2637 507 2694 edita
524 2636 622 2695 solum
639 2634 786 2714 Capitolii
808 2631 992 2711 aequabant.
1032 2628 1096 2691 Hio
1114 2632 1221 2693 ambi-

261 2734 356 2810 gitur,
370 2732 475 2810 iguem
488 2732 580 2791 teetis
594 2742 827 2810 oppugnatores
840 2728 1017 2810 injeeerint,
1030 2744 1070 2785 an
1085 2726 1220 2805 obsessi,

207 2843 238 2888 20
259 2846 338 2906 quae
351 2826 489 2887 crebrior
500 2827 592 2899 fama,
606 2829 652 2886 ita
671 2829 808 2887 nitentes
829 2845 867 2886 au
886 2842 1066 2904 progressos
1084 2822 1221 2901 depule-

261 2924 333 2982 rint
374 2921 453 2982 Inde
468 2923 570 3000 lapsus
584 2923 666 3002 ignis
679 2925 711 2983 in
726 2925 864 3003 porticus
884 2921 1042 3001 appositas
1061 2918 1221 2983 aedibus:

261 3038 335 3078 mox
348 3018 536 3077 sustinentes
556 3019 714 3097 fastigium
735 3020 856 3099 aquilae
876 3029 984 3079 vetere
1003 3016 1091 3096 ligno
1111 3025 1222 3078 traxe-

262 3126 335 3174 runt
348 3114 504 3173 flammam
518 3115 741 3193 aluernutque:
755 3116 800 3175 sie
811 3115 1003 3194 Capitolium
1017 3109 1130 3173 clausis
1142 3110 1222 3173 sori·

261 3210 319 3270 bus
334 3208 529 3268 indefensum
544 3222 577 3270 et
590 3211 782 3290 indireptum
796 3212 1008 3290 conflagravit

303 3307 351 3366 72.
379 3305 419 3364 Id
431 3305 552 3365 facinus
566 3317 637 3385 post
651 3307 810 3366 conditam
825 3307 934 3366 urbem
948 3302 1222 3371 luctuosissimum

261 3402 534 3481 foedissimumque
560 3402 747 3482 reipublicae
780 3403 889 3483 populi
915 3401 1052 3463 Romani
1084 3403 1224 3482 aecidit,
