2580 3944
194 165 258 228 162
448 181 680 230 summme
700 181 942 230 nonnata

236 341 274 389 24.
297 338 356 389 Nou
368 341 507 400 tumultus,
517 355 570 389 nou
581 340 664 402 quies,
675 341 754 402 quale
765 341 854 402 magni
866 347 953 390 metus
968 346 997 390 et
1013 355 1127 405 maguae
1143 343 1201 395 irae

194 422 326 470 silentium
339 429 378 470 est
392 423 437 482 (H.
451 423 479 470 1:
490 422 541 481 40).

235 503 275 550 26.
300 503 407 561 Quanto
424 503 508 564 magis
525 502 596 550 falsu
612 508 687 550 erunt
703 517 772 563 quae
789 501 896 561 fiebant,
913 508 988 552 tanto
1008 503 1087 566 plura
1108 504 1201 557 faeere

195 582 240 644 (Η.
260 583 287 630 l:
305 583 358 642 45).

235 663 274 711 26.
298 663 384 724 Magis
396 669 470 711 extra
482 663 547 710 vitia
559 677 637 724 quam
649 677 710 710 eum
723 662 867 711 virtutibus
879 662 927 723 (Η.
939 663 969 712 1;
985 663 1038 726 46).

235 744 275 791 27.
298 743 422 790 Omnium
434 757 562 790 eonsensu
573 757 657 803 rapax
670 742 782 803 imperii,
794 743 844 790 nisi
856 742 1011 804 imperasset
1024 744 1069 804 (Η
1083 744 1112 792 l:
1123 744 1178 806 49).

235 824 275 871 28.
299 822 383 872 Insita
398 823 553 872 mortalibus
570 833 665 872 natura
682 836 793 885 propere
809 823 885 886 sequi
901 838 970 886 quse
985 824 1059 887 piget
1075 825 1203 877 iueboare

195 904 241 964 (Η.
260 906 289 953 1;
306 904 359 963 55).

236 985 275 1032 29.
299 983 415 1044 Quodis
426 983 599 1033 seditionibus
616 983 721 1043 seeidit,
732 983 802 1033 unde
816 984 907 1048 plures
924 990 1001 1034 eraut
1016 1000 1106 1036 omues
1123 985 1202 1038 fuere

196 1062 240 1123 (Η
259 1064 288 1111 l:
306 1062 359 1122 66).

237 1143 275 1190 36.
299 1142 424 1192 Claudius
442 1141 539 1191 Cossus
556 1142 660 1192 dicendi
676 1149 761 1192 artem
777 1149 840 1207 apta
857 1143 1032 1207 trepidatione
1053 1146 1203 1208 occultans,

194 1232 273 1286 atque
285 1239 317 1273 eo
329 1223 439 1272 validior
451 1221 497 1283 (Η.
513 1223 541 1272 l:
553 1222 605 1286 69).

238 1305 276 1352 31.
301 1303 389 1353 Genus
408 1304 497 1366 ipsum
515 1303 607 1354 orandi
629 1304 663 1353 sd
684 1303 831 1368 implendas
851 1319 928 1356 aures
949 1304 1036 1356 lutum
1054 1313 1083 1357 et
1102 1322 1204 1359 sonans

196 1385 242 1446 (Η.
262 1387 291 1434 1;
309 1384 361 1446 90).

237 1466 276 1515 32.
299 1465 373 1516 More
384 1467 458 1528 vulgi
466 1481 543 1515 suum
553 1466 663 1528 quisque
670 1464 800 1528 flagitium
809 1465 867 1515 aliis
876 1467 1042 1530 objectantes
1051 1467 1137 1532 (fl.2:
1146 1469 1204 1533 44).

239 1547 278 1595 33.
303 1547 445 1609 Imperium
463 1547 629 1610 cupientibus
646 1547 711 1596 nibil
727 1547 843 1598 medium
858 1547 929 1597 iuter
944 1563 1047 1598 summa
1062 1557 1110 1598 aut
1127 1565 1206 1615 prae-

195 1628 286 1691 cipitia
300 1627 344 1686 (Η.
355 1629 385 1675 2;
398 1628 450 1690 74).

238 1708 277 1758 34.
303 1706 372 1755 Satis
384 1706 470 1756 clarus
482 1714 522 1757 est
533 1707 602 1770 apud
616 1709 750 1758 timentem
762 1702 881 1772 quisquis
893 1709 1000 1759 timetur
1012 1707 1057 1774 (Η
1069 1710 1101 1761 2:
1114 1711 1169 1776 76).

237 1788 276 1837 35
300 1787 422 1849 Numqui
435 1787 582 1837 deliberant
594 1789 762 1839 desciverunt
775 1788 820 1852 (Η.
833 1790 862 1839 2:
875 1791 927 1852 77).

237 1872 276 1920 36.
298 1869 353 1920 Nec
365 1883 480 1933 unquam
492 1870 556 1920 satis
567 1870 620 1920 fidu
630 1871 757 1936 potentia,
768 1872 815 1921 ubi
826 1871 907 1921 nimia
918 1879 958 1922 est
970 1870 1015 1935 (Η.
1027 1870 1056 1920 2:
1068 1872 1121 1935 92).

237 1947 275 1998 37.
298 1949 434 2012 Tanquam
447 1950 543 1999 nimius
554 1965 638 2012 pavor
649 1949 836 1999 conscientiam
848 1955 971 2012 argueret
984 1949 1027 2008 (3²
1044 1946 1096 2010 16).

237 2031 275 2079 68.
298 2031 408 2080 Factum
420 2047 477 2081 esse
489 2032 574 2081 scelus
586 2033 735 2094 loquuntur,
746 2030 901 2093 faciuntque
915 2030 956 2091 (3:
973 2028 1025 2092 25).

237 2110 276 2159 39.
300 2111 428 2161 Prolribiti
441 2127 488 2175 per
499 2113 632 2162 civitatem
645 2127 785 2170 semones,
797 2127 880 2176 eoque
891 2111 980 2175 plures
994 2110 1039 2171 (Η.
1050 2108 1080 2160 3:
1092 2109 1148 2172 54).

236 2193 276 2242 46.
300 2192 351 2243 Sed
369 2195 438 2256 quod
455 2195 481 2243 in
499 2193 629 2256 ejusmodi
647 2194 723 2243 rebus
743 2193 846 2252 accidit,
867 2192 1005 2242 eonsilium
1023 2193 1057 2241 ab
1077 2193 1207 2246 omnibus

195 2272 284 2322 datum
297 2281 344 2333 est,
357 2275 502 2337 perieulum
515 2276 592 2336 pauci
605 2289 738 2336 sumpsere
752 2273 796 2333 (Η.
809 2272 838 2321 3:
851 2273 904 2336 69).

237 2354 275 2402 41.
301 2354 376 2416 Quod
392 2356 419 2404 iu
436 2354 542 2419 perditis
559 2356 638 2405 rebus
656 2355 758 2412 accidit,
776 2368 865 2403 omues
883 2353 1043 2417 praecipere,
1059 2367 1140 2405 nemo
1159 2372 1209 2408 ex-

195 2435 268 2497 sequi
288 2435 332 2497 (H.
351 2435 380 2484 3:
399 2437 448 2498 73).

237 2515 276 2563 42.
299 2516 389 2578 Neque
402 2517 492 2566 alienis
504 2516 620 2565 consiliis
632 2515 695 2576 regi,
708 2529 793 2578 neque
804 2529 852 2563 sua
864 2513 987 2577 expedire
1000 2513 1045 2573 (Η.
1058 2513 1090 2563 8:
1102 2512 1160 2578 73).

236 2596 276 2644 43.
301 2596 402 2645 Bellum
415 2597 497 2658 nragis
510 2595 622 2645 desierat
633 2610 711 2658 quam
724 2610 776 2657 pax
788 2601 912 2657 coeperat
925 2596 933 2655 (
938 2595 970 2643 H.
982 2594 1013 2642 4:
1031 2595 1067 2655 1).

237 2676 275 2724 44.
299 2677 330 2725 In
348 2678 437 2725 turbas
454 2685 480 2726 et
497 2675 638 2725 discordias
656 2677 769 2738 pessimo
786 2675 885 2738 cuique,
897 2674 1011 2738 plurimu
1028 2674 1085 2735 vis;
1101 2688 1160 2737 pax
1178 2686 1209 2732 et

195 2758 268 2819 quies
281 2757 353 2805 bonis
365 2758 464 2805 artibus
478 2755 593 2816 indigent
608 2757 652 2816 (11.
665 2757 696 2804 4:
710 2758 744 2818 1).

236 2838 275 2885 46.
301 2836 404 2886 seelera
431 2835 533 2885 ostendi
562 2843 665 2898 oportet
687 2836 749 2884 dum
773 2835 925 2898 puniuntur,
947 2833 1047 2899 flagitia
1073 2835 1210 2901 abscondi

196 2916 294 2978 (Germ.
314 2918 363 2978 12).

236 2997 274 3045 46.
300 2997 365 3045 Nam
378 2996 455 3059 primi
468 2997 493 3045 in
506 2998 626 3047 omnibus
638 2997 742 3059 proeliis
755 2996 822 3046 oeuli
834 2997 977 3046 vincuntur
990 2995 1089 3058 (Germ.
1101 2996 1158 3061 43).

235 3077 274 3126 47.
299 3076 373 3126 Adeo
386 3078 497 3126 virtutes
509 3077 600 3126 iisdem
614 3079 775 3140 temporibus
792 3078 891 3141 optime
909 3078 1089 3137 aestimantur,
1101 3078 1208 3141 quibus

194 3156 318 3207 facillime
331 3159 476 3220 gignuntur
489 3159 550 3220 (Ag.
564 3160 599 3219 1).

235 3239 275 3287 48.
299 3236 335 3287 Ut
352 3254 462 3302 corpora
482 3239 551 3288 lente
569 3245 721 3301 augescunt,
738 3238 792 3288 eito
814 3239 1014 3301 extinguuntur,
1031 3237 1069 3287 sie
1090 3237 1209 3303 ingenis

194 3317 332 3379 studiaque
344 3318 503 3381 oppresseris
516 3317 628 3377 facilius,
640 3333 717 3380 quam
730 3319 896 3368 revocaveris
910 3319 971 3381 (Ag.
984 3316 1021 3380 6).

236 3397 275 3445 46.
300 3395 402 3446 Gnarus
420 3398 468 3447 sub
485 3396 588 3446 Nerone
605 3403 761 3460 temporum,
779 3398 874 3459 quibus
891 3398 985 3448 inertia
1001 3411 1050 3461 pre
1067 3398 1209 3471 supientia¹

194 3477 245 3527 tuit
265 3474 325 3537 (Ag.
343 3477 379 3538 6).
1203 3482 1206 3487 “
