2610 3908
403 217 635 268 smunnrmn
657 192 896 266 nomnium.
1088 197 1152 264 163

82 394 86 403 ·
191 382 229 430 50.
253 379 329 430 Haud
343 394 446 442 semper
457 384 528 428 errat
539 379 617 437 fumo,
629 376 768 440 aliqusndo
780 382 808 426 et
819 376 893 438 eligit
907 375 969 438 (Ag.
982 375 1019 439 9).

192 463 230 510 ol.
253 461 313 523 lpse
325 459 528 509 dissimulatione
534 458 623 508 famae
634 459 733 506 lamam
745 457 820 506 auxit
833 457 896 518 (Ag.
909 456 960 520 18).

192 542 230 589 52.
254 540 350 589 Orrtnie
359 540 433 599 scire,
442 554 493 588 non
503 539 593 588 omniu
601 539 724 600 exsequi:
736 537 827 601 parvis
836 536 952 599 peccatis
962 535 1076 596 venitm,
1086 551 1155 600 meg·

149 623 189 671 nis
202 622 368 669 severitatem
381 619 548 668 commodare
562 618 624 680 (Ag.
639 620 688 680 19).

192 703 230 750 53.
255 701 420 763 Iniquissima
431 700 496 749 lmec
507 699 634 748 bellorum
652 699 768 747 conditio
785 702 840 758 est;
857 713 983 761 prospers
998 714 1087 750 omnes
1105 699 1154 749 sibi

149 783 289 840 vindicant,
301 781 412 830 adverse
423 780 469 828 uni
481 780 645 842 imputantur
657 779 717 841 (Ag.
729 780 781 841 27).

192 862 230 911 64.
254 861 338 912 Omne
350 862 469 923 ignotum
481 875 528 923 pro
540 859 680 922 magnifico
691 868 732 909 est
745 859 807 921 (Ag.
819 858 872 922 30).

192 943 231 992 55.
255 943 305 992 Ubi
317 942 484 991 solitudinem
496 941 606 999 faciunt,
618 955 712 1003 pacem
724 941 856 1002 appellant
869 940 932 1004 (Ag.
945 941 997 1004 30).

192 1024 231 1072 66.
256 1023 308 1083 Qui
320 1023 410 1072 timere
422 1022 554 1082 desierint,
567 1022 652 1071 odisse
664 1021 790 1083 incipient
803 1023 865 1085 (Ag.
878 1022 930 1085 32).

192 1105 231 1153 57.
254 1103 399 1152 Pessimum
412 1103 577 1152 inimicorum
589 1118 678 1165 genus,
691 1103 827 1152 laudantes
841 1104 903 1166 (Ag.
915 1104 968 1166 41).

192 1185 231 1234 58.
254 1184 394 1245 Proprium
405 1183 512 1232 humani
524 1184 624 1245 ingenii
635 1191 683 1242 est,
695 1183 779 1233 odisse
792 1199 868 1246 quem
881 1185 987 1245 laeseris
1001 1184 1062 1247 (Ag.
1075 1182 1126 1247 42).

192 1266 232 1314 69.
255 1265 332 1313 Nullo
343 1264 465 1313 credente
477 1265 514 1313 sic
526 1264 664 1313 accelerari
675 1279 743 1326 quse
755 1265 835 1313 tristis
847 1264 950 1314 audiret
963 1265 1025 1328 (Ag.
1037 1265 1090 1325 43).

193 1347 232 1396 66.
257 1345 361 1394 Bonum
374 1346 459 1393 virum
472 1344 550 1394 facile
561 1345 689 1402 crederes,
701 1359 826 1407 magnum
841 1346 952 1394 libenter
965 1346 1026 1407 (Ag.
1038 1345 1090 1406 44).

194 1427 232 1476 61.
258 1427 293 1476 Ut
302 1427 389 1474 vultus
399 1426 543 1485 hominum,
552 1425 590 1475 ita
602 1425 741 1475 simulacra
753 1425 842 1474 vultus
854 1425 985 1474 imbecillo
995 1440 1025 1474 oc
1035 1425 1156 1474 mortalis

151 1517 221 1567 sunt,
233 1507 319 1557 formu
330 1508 425 1557 mentis
436 1514 543 1557 aeterne
556 1507 618 1569 (Ag.
631 1507 684 1570 46).

194 1599 233 1647 62.
257 1598 283 1648 ls
294 1605 334 1649 est
345 1604 439 1657 orator,
451 1599 496 1661 qui
508 1598 540 1647 de
552 1597 625 1647 omni
636 1596 789 1660 quaestione
800 1595 907 1659 pulchre
925 1603 952 1645 et
968 1599 1060 1645 ornate
1077 1599 1104 1645 et
1121 1594 1156 1644 ad

152 1680 363 1744 persuadendum
375 1687 437 1744 apte
449 1680 535 1731 dicere
546 1678 630 1742 possit
644 1678 725 1742 (Diul.
738 1677 770 1728 de
783 1677 856 1728 Orat.
868 1677 922 1741 31).
