2580 3944
349 119 610 171 nrsroamann
630 120 741 169 mann
762 121 929 169 anemos.
1084 107 1148 169 113
1253 107 1254 110 ’

143 275 418 339 MinucitrsJustus
428 278 603 359 praefectus
614 288 785 340 castrorum
794 277 927 358 legionis
937 277 1094 358 septimae,
1132 292 1148 338 t

145 373 392 457 quia'adductius
404 391 495 453 quam
508 375 591 435 civili
605 375 687 435 bello
700 375 909 454 imperitabat,
919 376 1095 436 subtractus

144 473 278 533 militum
297 471 370 530 irae¹
382 472 422 530 ad
438 471 663 551 Vespasianum
683 473 793 533 missus
814 483 870 533 est.
910 472 1095 532 Desiderato

144 571 199 630 diu
218 589 267 629 res
287 567 544 646 interpretatione
565 570 724 649 gloriaque
745 573 781 629 in
802 571 902 649 majus
931 569 1095 649 accipitur,

144 676 308 746 postquam
319 665 437 725 Galbae
452 664 603 744 imagines
614 665 768 727 discordia
782 677 957 744 temporum
971 667 1095 729 subver‘s

144 784 193 823 sas
206 763 238 822 in
254 761 396 822 omnibus
411 761 585 840 municipiis
606 763 699 821 recoli
719 763 812 842 jussit
826 762 993 835 Antonine,
1007 762 1096 834 dece>
1116 777 1147 823 10

144 879 216 919 rum¹
230 879 287 938 pro
305 877 397 917 causa
417 858 550 931 retunsi
571 859 694 937 placere
714 859 832 918 Galbae
850 859 1041 939 principatus
1061 872 1095 920 et

144 966 247 1036 partes
261 953 446 1014 reuirescere
460 955 669 1014 crederentur.

185 1055 213 1112 8.
241 1050 424 1124 Quaesitum
437 1051 512 1111 inde
526 1071 605 1132 quae
625 1053 715 1112 sedes
727 1052 810 1112 bello
830 1053 993 1132 legeretur.
1032 1052 1094 1113 Ve-

143 1170 221 1210 rona
234 1149 338 1228 potior
353 1156 427 1222 visa,
441 1150 620 1228 patentibus
640 1149 756 1209 circum
771 1151 888 1228 campis
902 1150 942 1208 ad
958 1169 1093 1229 pugnam

143 1262 327 1327 equestrem,
352 1266 413 1325 qua
437 1247 676 1326 praevalebant:
705 1247 796 1305 simul
818 1246 971 1306 coloniam
995 1246 1091 1325 copiis
1183 1326 1186 1332 ⁴

143 1345 278 1405 validam
292 1346 414 1417 auferre
429 1344 559 1404 Vitellio
580 1343 611 1402 in
632 1360 699 1402 rem
719 1342 896 1422 famamque
917 1342 1092 1404 videbatur.

143 1441 289 1502 Possessa
309 1446 375 1522 ipso
395 1441 529 1502 transitu
551 1439 692 1514 Vicetia3
720 1438 801 1518 quod
822 1459 883 1519 per
906 1457 939 1498 se
963 1453 1094 1518 parvum
1131 1453 1146 1498 t

145 1540 274 1616 (etenim
284 1540 423 1600 modicae
434 1536 702 1616 municipiovires)
713 1536 819 1614 magni
831 1546 979 1596 momenti
989 1536 1093 1595 locum
1210 1529 1212 1534 ’

142 1636 278 1696 obtinuit
289 1636 506 1716 reputantibus
517 1634 579 1693 illic
592 1633 755 1694 Caecinam
766 1633 907 1712 genitum
919 1642 951 1693 et
961 1631 1093 1711 patriam

142 1732 278 1792 hostium
292 1733 365 1792 duci
379 1743 529 1811 ereptam.
564 1731 602 1789 In
617 1729 849 1791 Veronensibus
862 1728 999 1808 pretium
1013 1728 1093 1789 fuit:
1144 1789 1148 1794 ,

142 1828 284 1908 exemplo
298 1829 468 1908 opibusque
484 1837 586 1907 partes
602 1827 731 1906 juvere3
752 1837 785 1887 et
805 1828 989 1906 interjectus
1010 1845 1094 1884 excr-

142 1925 221 1984 citus
235 1925 378 1984 Raetiam
390 1926 411 1986 J
414 1925 551 2004 aliasque
565 1926 672 2003 Alpes,
686 1944 723 1984 ac
737 1943 776 1984 ne
790 1923 933 2003 pervium
953 1923 1007 1983 illa
1021 1921 1093 1982 Ger·
1116 1937 1146 1980 10

141 2021 268 2082 manicis
295 2022 481 2082 exercitibus
507 2023 595 2095 foret,
621 2021 810 2101 obsepserat.
859 2019 948 2092 Quae
982 2020 1091 2099 ignara

141 2118 336 2197 Vespasiano
352 2127 409 2178 'aut
429 2118 548 2178 vetita:
569 2118 683 2197 quippe
704 2118 867 2197 Aquileiae
888 2116 955 2177 sisti
976 2117 1092 2177 bellum

141 2214 375 2294 exspectarique
384 2214 564 2274 Mucianum
575 2215 713 2293 jubebat,
722 2214 951 2294 adjiciebatque
962 2214 1093 2294 imperio

141 2311 310 2384 consilium,
324 2311 448 2389 quando
462 2311 638 2389 Aegyptus,
652 2311 786 2370 claustra
800 2330 950 2386 annonae,
960 2312 1093 2390 vectiga-

141 2407 183 2466 lia
196 2407 499 2486 opulentissimarum
514 2406 741 2485 provinciarum
763 2409 987 2482 obtinerentur,
1002 2428 1092 2488 posse
1114 2423 1145 2468 15

142 2504 458 2564 Vitelliiexercitum
480 2512 618 2582 egestate
641 2505 790 2584 stipendii
819 2505 1030 2585 frumentique
1052 2505 1092 2564 ad

142 2601 333 2660 deditionem
347 2601 458 2679 subigi.
494 2599 619 2676 Eadem
633 2601 796 2663 Mucianus
816 2602 931 2662 crebris
952 2603 1092 2681 epistolis

141 2696 296 2770 monebat,
317 2697 510 2756 incruentam
532 2708 565 2757 et
589 2698 656 2758 sine
681 2700 766 2759 luctu
786 2698 949 2759 victoriam
974 2707 1007 2758 et
1031 2698 1092 2758 alia

142 2795 271 2872 hujusce
294 2793 623 2873 modipraete'xendo,
647 2796 700 2855 sed
723 2796 840 2875 gloriae
863 2794 974 2855 avidus
998 2806 1092 2875 atque

141 2889 319 2949 omnebelli
334 2890 427 2950 decus
441 2880 498 2950 sibi
513 2893 657 2951 retinens.
690 2892 837 2953 Ceterum
852 2912 890 2950 ex
905 2891 1091 2952 distantibus
1112 2906 1143 2951 20

127 3043 128 3046 ,
141 2998 293 3045 terrarum
307 2988 414 3066 spatiis
429 2989 557 3048 consilia
572 2999 641 3066 post
656 3009 705 3048 res
720 2989 937 3049 afferebantur.

182 3085 210 3142 9.
238 3083 340 3163 lgitur
353 3085 516 3164 repentino
538 3085 662 3144 incursu
675 3085 834 3145 Antonius
855 3086 1004 3145 stationes
1025 3087 1092 3146 hos·

141 3179 221 3238 tium
235 3179 354 3260 irrupit,
369 3181 558 3260 tentatisque
579 3180 641 3239 levi
662 3182 779 3260 proelio
800 3181 911 3241 animis
931 3201 971 3240 ex
992 3202 1090 3261 aequo

142 3275 319 3338 discessum.
346 3277 426 3338 Mox
441 3276 575 3338 Caecina
589 3277 672 3336 inter
685 3277 862 3351 Hostiliam,
876 3278 979 3338 vicum
994 3278 1092 3338 Vero-

141 3373 293 3449 nensium,
307 3384 340 3436 et
360 3374 490 3454 paludes
505 3372 629 3433 Tartari
646 3373 782 3455 fluminis
797 3383 899 3434 castra
912 3373 1089 3453 permuniit,
