2580 3944
347 156 606 210 mammarum
627 158 738 206 urana
761 159 927 208 ruamus.
1083 140 1148 206 125

139 312 337 387 ·flictabatnr;
363 333 422 374 nee
443 315 551 393 procul
574 315 670 374 caede
695 315 833 391 aberant,
858 336 929 376 cum
953 315 1095 396 precibus

143 410 257 471 ducum
272 409 433 489 mitigatus
448 420 495 471 est
509 411 605 471 miles.
648 411 690 472 Et
705 424 832 473 vocatos
853 414 892 472 ad
914 413 1095 474 concionem

143 507 300 566 Antonius
320 507 497 585 alloquitur,
511 507 673 587 magnifice
688 508 830 583 victores,
843 510 944 569 victos
965 509 1096 568 clemen-

143 615 199 677 ter,
211 603 250 662 de
263 604 417 664 Cremona
427 603 459 661 in
471 613 627 663 neutrum.
656 603 821 664 Exercitus
833 616 956 684 praeter
969 605 1094 664 insitam
1133 618 1148 663 5

141 700 313 780 praedandi
326 699 506 779 cupidinem
520 709 626 759 vetere
648 700 721 760 odio
742 701 781 759 ad
803 702 958 760 excidium
974 701 1097 760 Cremo-

142 797 284 858 nensium
304 797 463 857 incubuit:
486 796 604 876 juvisse
626 807 731 875 partes
751 797 939 857 Vitellianas
960 796 1095 856 Othonis

144 913 264 974 quoque
286 894 367 954 bello
391 893 616 967 credebantur3
644 912 716 951 mox
744 893 1026 953 tertiadeeumanos
1055 893 1095 952 ad

143 992 349 1050 extruendum
371 990 635 1070 amphitheatrum
656 989 787 1062 relictos,
803 999 838 1049 nt
859 1000 932 1049 sunt
952 987 1096 1067 procacia

143 1087 279 1146 urbanae
295 1087 391 1166 plebis
412 1087 549 1166 ingenia,
565 1085 777 1165 petulantibus
793 1085 906 1164 jurgiis
926 1085 1096 1144 illuserant.
1118 1099 1148 1143 ro

142 1183 243 1243 Auxit
271 1183 421 1243 invidiam
446 1183 566 1242 editum
594 1181 659 1241 illic
684 1199 702 1240 a
725 1182 858 1242 Caecina
884 1181 1095 1260 gladiatorum

144 1279 363 1358 spectaculum,
378 1279 547 1357 eademque
568 1297 674 1337 rursus
694 1277 768 1336 belli
790 1277 888 1350 sedes,
909 1286 942 1336 et
962 1275 1096 1354 praebiti

144 1375 176 1434 in
191 1375 255 1434 acie
270 1374 449 1435 Vitellianis
464 1374 534 1447 cibi,
550 1393 656 1434 caesae
671 1373 822 1453 quaedam
841 1371 976 1431 feminae
991 1372 1095 1430 studio

143 1471 279 1551 partium
294 1472 333 1530 ad
348 1471 500 1550 proelium
514 1489 712 1549 progressae3
732 1479 856 1549 tempus
877 1487 997 1548 quoque
1019 1487 1096 1527 mer·

143 1578 231 1627 catus
245 1568 342 1627 ditem
357 1567 471 1646 alioqui
493 1567 647 1627 coloniam
661 1567 776 1646 majore
791 1585 885 1645 opum
900 1565 1002 1644 specie
1016 1584 1096 1625 com·
1117 1580 1148 1626 1⁵

143 1665 257 1742 plebat.
299 1664 404 1725 Ceteri
424 1665 519 1724 duces
539 1664 572 1724 in
593 1665 743 1724 obscuro:
771 1663 947 1724 Antonium
967 1663 1095 1723 fortuna

142 1761 284 1840 famaque
298 1762 435 1820 omnium
449 1761 548 1820 oculis
567 1772 760 1841 exposuerat.
801 1761 834 1822 Is
854 1761 992 1822 balineas
1012 1761 1096 1822 ablu-

143 1858 224 1916 eudo
239 1858 338 1917 cruori
352 1877 481 1937 propere
495 1857 592 1936 petit:
613 1869 744 1938 excepta
759 1879 822 1919 vox
843 1869 899 1933 est,
914 1880 984 1920 curn
1006 1870 1092 1938 tepo-

143 1974 210 2013 rem
223 1953 387 2027 incusaret,
398 1953 503 2013 statim
517 1953 657 2014 futurum
673 1965 708 2015 nt
721 1955 962 2017 incalescerent:
977 1957 1093 2016 vernile

143 2050 263 2110 dictum
296 2070 420 2109 omnem
455 2049 606 2109 invidiam
639 2051 673 2109 in
707 2071 778 2111 eum
813 2053 918 2127 vertit,
946 2062 1095 2133 tanquam
1116 2067 1147 2112 20

144 2147 266 2226 signum
299 2145 513 2206 incendendae
542 2146 713 2207 Cremonae
741 2148 888 2224 dedisset,
916 2168 995 2230 quae
1028 2152 1094 2231 jarn

144 2243 304 2321 flagrabat.

185 2339 233 2398 34.
268 2337 330 2398 Ηὶο
350 2337 453 2399 exitus
475 2338 645 2399 Cremonae
673 2359 756 2402 anno
777 2341 991 2402 ducentesimo
1012 2351 1095 2402 octo-

142 2435 260 2514 gesimo
281 2445 370 2494 sexto
385 2454 403 2494 a
417 2434 586 2514 primordio
607 2435 666 2496 sui.
709 2437 846 2497 Condita
866 2449 933 2499 erat
947 2438 995 2497 Ti.
1012 2438 1095 2498 Sem-

143 2531 253 2609 pronio
276 2530 312 2591 P.
339 2531 482 2591 Cornelio
505 2532 693 2607 consulibus,
714 2533 880 2612 ingruente
908 2534 940 2594 in
969 2534 1095 2594 Italiam

143 2627 307 2702 Annibale,
318 2629 585 2707 propugnaculum
597 2630 745 2690 adversus
756 2630 861 2690 Gallos
873 2640 959 2711 trans
970 2630 1094 2689 Padurn

143 2735 279 2803 agentes,
301 2734 333 2784 et
354 2725 380 2784 si
401 2745 462 2804 qua
482 2726 544 2785 alia
563 2726 611 2786 vis
639 2746 696 2806 per
716 2727 814 2806 Alpes
835 2737 949 2786 rueret.
990 2727 1093 2806 Igitur
1131 2741 1147 2786 5

142 2841 271 2881 numero
305 2822 495 2896 colonorum,
523 2824 758 2903 opportunitate
794 2823 968 2896 fluminum,
997 2824 1091 2884 ubere

142 2918 217 2996 agri,
232 2936 355 2976 annexu
374 2919 574 2998 conubiisque
594 2919 736 2998 gentium
759 2919 897 2979 adolevit
917 2920 1093 2999 floruitque,

142 3014 229 3072 bellis
263 3014 400 3073 externis
434 3015 559 3087 intacta,
594 3015 737 3075 civilibus
772 3014 890 3074 infelix.
932 3016 1091 3075 Antonius

142 3111 262 3189 pudore
289 3110 410 3190 flagitii,
435 3113 650 3171 crebrescente
677 3111 804 3184 invidia,
829 3112 927 3171 edixit
955 3132 994 3170 ne
1024 3113 1092 3190 quis

144 3206 385 3266 Cremonensem
413 3208 573 3286 captivum
600 3207 763 3266 detineret.
804 3207 989 3287 Irritamque
1011 3223 1146 3286 prae-10

143 3303 215 3363 dam
236 3304 387 3364 militibus
408 3303 555 3364 effecerat
576 3323 742 3363 consensus
762 3302 881 3376 Italiae,
902 3304 1093 3381 emptionem

142 3400 252 3462 talium
265 3399 490 3480 mancipiorum
504 3399 714 3480 aspernantis:
734 3399 835 3460 occidi
849 3418 995 3479 coepere;
1009 3399 1094 3478 quod
