2580 3944
248 140 313 206 138
553 153 750 202 erenum
771 152 986 201 raerrrana.

249 329 280 374 10
300 332 422 372 morum
442 311 596 370 contineri
623 322 724 389 putat,
744 311 859 369 meruit
885 310 985 387 magis
1011 328 1109 388 quam
1136 311 1272 374 habuit.

302 408 505 487 Reipublicae
526 407 610 466 baud
631 407 726 466 dubie
748 408 895 466 intererat
911 406 1077 464 Vitellium
1093 408 1197 471 vinei.
1211 411 1273 469 sed

301 505 455 583 imputare
479 503 642 582 perfidiam
664 524 725 561 non
751 516 890 581 possunt,
911 502 964 581 qui
989 501 1161 562 Vitellium
1187 505 1271 566 Ves-

301 602 429 681 pasiano
443 601 617 679 prodidere,
633 620 703 658 eum
718 620 737 657 a
750 601 851 658 Galba
865 599 1078 657 descivissent.

343 698 511 775 Praecipiti
527 698 557 754 in
573 716 715 754 oceasum
730 695 780 753 die
795 696 836 753 ob
850 715 997 772 pavorem
1014 695 1272 773 magistratuum

302 808 552 871 senatorumque,
564 791 616 870 qui
632 791 743 868 dilapsi
760 786 800 850 ex
812 792 888 850 urbe
901 804 954 849 aut
970 810 1025 869 per
1038 790 1156 851 dumos
1167 795 1272 854 elien·

302 891 381 949 tium
410 903 505 947 semet
535 888 743 951 uentitabant.
767 888 871 946 vocari
899 900 1024 945 senatus
1051 907 1118 946 non
1143 893 1271 967 potuit.

302 988 527 1055 Domitianum,
551 998 716 1063 postquam
740 985 817 1043 nibil
841 983 953 1043 hostile
980 984 1197 1058 metuebatur,
1226 990 1271 1049 ad

301 1084 395 1141 duces
416 1082 551 1159 partium
572 1101 770 1159 progressum
791 1092 824 1139 et
840 1081 1003 1140 Caesarem
1023 1082 1272 1146 consalutatum

301 1179 389 1238 miles
403 1180 555 1259 frequens,
567 1191 662 1258 utque
673 1189 741 1236 erat
755 1177 787 1236 in
802 1176 906 1250 armis,
916 1177 948 1237 in
962 1186 1111 1257 paternos
1126 1194 1272 1258 penates

302 1277 444 1338 deduxit.

359 1915 696 1983 msrornannn
726 1915 870 1982 tinen
900 1913 1140 1997 Quartana.

344 2155 370 2212 1.
405 2152 573 2214 interfecto
591 2153 724 2214 Vitellio
744 2152 861 2213 bellum
881 2153 979 2233 magis
1003 2151 1141 2212 desierat
1163 2174 1267 2235 quam

303 2269 363 2330 pax
379 2263 532 2330 coeperat.
574 2250 697 2311 Armati
720 2270 775 2329 per
792 2252 900 2309 urbem
916 2252 1047 2309 victores
1068 2248 1268 2328 implacabili

303 2348 376 2406 odio
390 2350 488 2408 victos
503 2350 781 2409 consectabantur:
803 2349 912 2426 plenae
929 2344 1076 2406 caedibus
1096 2346 1182 2421 viae,
1198 2371 1270 2411 em.

303 2458 377 2503 enta
391 2447 456 2504 fora
467 2448 652 2525 templaque,
667 2445 780 2524 passim
796 2444 967 2515 tmeidatis,
976 2453 1012 2501 nt
1026 2462 1186 2522 quemque
1202 2448 1269 2509 sors

304 2542 468 2600 obtulerat.
518 2544 567 2600 Ae
595 2562 667 2600 mox
696 2554 881 2615 augescente
908 2539 1033 2600 licentia
1060 2542 1199 2602 serutari
1230 2564 1269 2605 ae

304 2640 484 2716 protrahere
496 2640 633 2701 abditos:
648 2638 671 2695 si
684 2658 776 2716 quem
787 2658 950 2715 procerum
960 2636 1069 2694 habitu
1080 2646 1112 2692 et
1122 2637 1271 2714 juventa

304 2746 537 2811 conspexerant,
565 2734 759 2805 obtruncare,
788 2735 874 2793 nullo
902 2733 1036 2792 militnm
1063 2740 1117 2789 aut
1148 2739 1269 2815 populi

304 2830 498 2887 discrimine:
520 2849 599 2906 quem
614 2830 744 2888 saevitia
759 2832 933 2889 recentibus
947 2828 1025 2888 odiis
1038 2829 1197 2905 sangnine
1214 2854 1273 2893 ex·

304 2926 454 3002 plebatnr,
477 2925 549 2983 dein
570 2937 708 2984 verterat
733 2927 762 2984 in
793 2927 965 2985 ataritiam.
1006 2922 1097 2982 Nihil
1125 2943 1271 3007 nsquam

252 3035 282 3079 io
303 3032 457 3080 seer-etum
482 3033 535 3080 ant
558 3023 695 3081 clausum
721 3023 873 3094 sinebant,
896 3021 1083 3081 Vitellianos
1105 3026 1272 3089 occultari

304 3118 493 3176 simulantes.
533 3117 662 3177 Initium
677 3120 708 3177 id
724 3120 1016 3198 perfringendarum
1029 3118 1199 3195 domuum,
1214 3127 1272 3186 vel

305 3214 330 3271 si
353 3216 555 3286 resisteretur,
576 3235 667 3274 eausa
688 3217 809 3289 caedis3
831 3237 887 3275 nec
908 3217 1016 3274 deerat
1036 3216 1272 3293 egentissimus

305 3311 433 3390 qnisqne
452 3331 469 3369 e
491 3313 581 3388 plebe
603 3325 635 3370 et
656 3313 779 3390 pessimi
801 3313 999 3371 servitiorum
1021 3310 1155 3389 prodere
1179 3316 1272 3377 ultro

305 3407 388 3467 dites
403 3408 562 3469 dominos:
583 3409 636 3468 alii
650 3412 690 3469 ab
704 3410 811 3469 anneis
824 3410 1086 3468 monstrabtntnr.
1127 3406 1272 3495 Ubique
