2580 3944
140 179 183 243 82
432 160 630 241 uacuum
649 192 866 242 ramma

192 372 211 410 a
224 352 398 431 legionibus
411 351 539 423 factum,
547 372 663 431 pronus
673 352 713 410 ad
725 372 820 411 noras
831 371 880 410 res
891 352 1007 410 scelere
1016 351 1146 432 iusuper

192 449 377 526 Nymphidii
403 448 510 506 Sabini
531 450 679 527 praefecti
705 450 868 527 imperium
889 451 948 507 sibi
975 450 1144 522 molientis,

192 545 337 623 agitatur.
378 544 420 603 Et
435 545 647 622 Nymphidius
668 546 794 624 quidem
816 546 847 603 iu
868 546 937 623 ipso
956 560 1071 605 conatu
1092 568 1145 625 op

138 659 169 701 lo
190 662 321 720 pressus,
332 642 396 712 sed⁷
406 644 546 719 quamvis
560 643 662 720 capite
671 643 857 701 defectionis
867 643 981 714 ablato,
992 644 1139 702 manebat

191 739 347 818 plerisque
373 739 505 796 militum
532 739 730 809 conscientia,
750 758 808 797 nec
828 739 958 798 deerant
986 760 1144 799 sermones

192 836 312 893 senium
326 848 419 913 atque
433 835 593 893 avaritiam
606 835 722 893 Galbae
739 837 973 913 increpantium.
1000 836 1144 895 laudata

192 933 266 990 olim
281 943 313 989 et
327 932 455 989 militari
472 931 556 989 fama
573 932 729 991 celebrata
750 933 900 992 severitas
919 936 988 1013 ejus
1008 934 1142 1012 augebat

192 1040 394 1105 aspernantes
414 1040 552 1086 veterem
572 1028 778 1107 disciplinam,
800 1040 893 1109 atque
919 1030 965 1088 ita
984 1044 1144 1109 quattuor·

140 1141 171 1184 15
192 1125 293 1182 decim
314 1125 402 1181 anuis
417 1143 435 1180 a
448 1123 574 1182 Nerone
596 1126 787 1186 assuefactos
801 1140 836 1186 ut
851 1127 1051 1185 haudminus
1066 1126 1144 1184 sitia

192 1219 367 1300 principum
394 1232 534 1279 amarent
562 1241 653 1299 quam
683 1223 758 1281 olim
785 1224 919 1282 virtutes
946 1223 1144 1281 verebantur.

192 1319 334 1378 Accessit
349 1317 467 1376 Galbae
480 1339 542 1377 roa
556 1340 613 1398 pro
627 1322 782 1400 republica
795 1323 934 1392 honesta,
946 1321 1005 1400 ipsi
1020 1341 1144 1398 auceps,

194 1418 256 1496 legi
270 1437 288 1475 a
302 1437 335 1476 se
350 1417 490 1489 militem,
505 1438 567 1476 uon
588 1418 669 1492 emi;
689 1439 748 1478 uec
763 1419 846 1477 enim
863 1418 904 1476 ad
918 1419 999 1476 hanc
1011 1417 1144 1475 formam

192 1527 297 1573 cetera
315 1526 413 1571 erant.

234 1611 262 1668 6.
297 1609 474 1669 Invalidum
487 1631 592 1670 senem
604 1612 696 1671 'litus
706 1612 821 1671 Vinius
833 1622 865 1671 ct
877 1611 1038 1671 Cornelius
1049 1610 1143 1683 Iaco,

194 1708 273 1766 alter
295 1708 481 1766 deterrimus
507 1710 694 1781 mortalium,
715 1711 796 1767 alter
821 1710 1048 1788 ignarissimus,
1068 1709 1144 1767 odio

193 1805 381 1882 flagitiorum
397 1818 557 1864 oneratum
575 1817 758 1885 contemptu
779 1806 910 1864 inertiae
931 1805 1144 1864 destruebant.

193 1901 332 1959 Tar-lum
347 1901 465 1960 Galbae
485 1903 544 1961 iter
564 1915 595 1961 et
617 1916 788 1975 cruentum,
802 1902 975 1960 interfectis
989 1901 1145 1980 Cingonio

193 1998 335 2056 Varrone
350 2000 476 2057 consule
490 2001 652 2077 designato
666 2012 697 2057 et
713 1999 862 2058 Petronio
875 1999 1059 2076 Turpiliano
1072 2018 1146 2056 cou-

194 2095 308 2153 sulari:
330 2095 381 2153 ille
400 2108 436 2153 ut
457 2095 644 2173 Nymphidii
665 2096 776 2166 socius,
790 2095 841 2154 hic
861 2107 896 2154 ut
916 2095 982 2154 dux
998 2094 1145 2165 Nemnis,

194 2192 328 2251 inauditi
344 2205 438 2272 atque
452 2193 602 2251 indefensi
619 2203 766 2271 tanquam
782 2193 963 2251 innocentes
976 2191 1145 2269 perierant.

195 2291 347 2352 Introitus
372 2294 404 2351 iu
429 2293 546 2362 urbem,
569 2290 734 2349 trucidatis
755 2300 804 2348 tot
828 2288 953 2346 milibus
978 2287 1147 2346 inermium

194 2391 339 2461 militum,
361 2390 513 2447 infaustus
534 2387 638 2446 omine
660 2397 753 2464 atque
780 2385 856 2463 ipsis
880 2384 974 2443 etiarn
994 2383 1047 2462 qui
1067 2383 1148 2441 oeci·

141 2502 171 2544 1⁰
192 2487 302 2546 derant
323 2487 551 2544 formidolosus.
595 2483 728 2542 Inducta
748 2482 872 2560 legione
887 2480 1036 2559 Hispana,
1048 2499 1149 2537 reum-

194 2598 289 2643 nente
302 2603 338 2642 ea
352 2603 444 2662 quarn
462 2604 479 2642 e
496 2585 592 2641 classe
607 2582 695 2639 Nero
714 2579 946 2656 conscripserat.
958 2577 1051 2655 plena
1071 2577 1149 2635 urbs

194 2681 332 2738 exercitu
347 2680 487 2751 insolit03
507 2679 598 2737 multi
618 2679 657 2736 ad
677 2678 737 2736 hoc
752 2675 874 2733 numeri
887 2693 906 2732 e
920 2671 1088 2731 Germania
1109 2691 1150 2730 ae

196 2776 358 2834 Britannia
372 2790 404 2834 et
420 2776 554 2852 Illyriae,
570 2796 646 2854 quos
661 2775 743 2833 idern
758 2772 846 2830 Nero
865 2771 981 2829 electos
1000 2768 1149 2847 praemis-

195 2892 306 2950 sosque
333 2872 373 2930 ad
401 2873 534 2930 claustra
563 2873 744 2950 Caspiarum
780 2879 811 2927 et
847 2867 972 2938 bellurn,
999 2865 1085 2944 quod
1112 2866 1149 2926 iu

143 2983 174 3028 15
194 2969 335 3026 Albanos
349 2968 485 3046 parabat,
499 2968 712 3046 opprimendis
727 2965 873 3025 Vindicis
887 2962 1008 3041 coeptis
1021 2982 1151 3021 revoca-

197 3077 301 3123 verat:
328 3065 437 3142 iugens
464 3066 553 3122 novis
580 3065 672 3122 rebus
692 3064 833 3135 materia,
855 3072 890 3120 ut
910 3079 974 3119 nou
993 3058 1028 3118 in
1048 3078 1152 3119 uuum

196 3161 330 3239 aliquem
344 3181 443 3239 prono
456 3161 573 3232 farore,
587 3162 631 3218 ita
647 3160 775 3219 audenti
789 3171 907 3237 parata.

239 3259 286 3315 lo.
320 3256 432 3315 Oriens
460 3258 561 3316 adbuc
588 3258 744 3315 immotus.
786 3256 910 3334 Spriam
938 3264 970 3314 et
998 3260 1155 3333 mutuor

197 3353 334 3431 legiones
349 3353 508 3412 obtinebat
523 3353 660 3412 Licinius
675 3352 848 3423 Mucianus,
861 3353 911 3410 rir
930 3349 1077 3410 secundia
1096 3350 1155 3409 ad-

198 3452 355 3530 versisque
381 3452 472 3529 juxta
492 3450 638 3509 famosus
680 3448 822 3528 lusignes
847 3447 999 3508 amicitias
1019 3446 1156 3525 juvenis
