2580 3944
140 147 202 212 114
423 160 620 211 axonam
641 161 857 213 asomum.

139 336 155 380 a
194 331 282 383 tutus
300 321 379 394 looo,
398 338 469 379 euru
490 329 579 398 terga
598 319 734 394 flumine,
754 320 854 380 latera
872 321 1000 401 objectu
1019 321 1144 400 paludis

192 427 391 496 tegerentur:
405 416 488 495 quod
503 415 530 474 si
544 415 693 476 adfuisset
705 416 793 489 fides,
808 427 862 476 aut
874 417 1008 496 opprimi
1023 419 1145 478 unirer·

193 513 234 574 sis
255 513 495 573 Vitellianorum
515 511 634 572 viribus
653 513 735 572 duae
754 513 901 592 legiones,
914 514 1054 573 nondum
1073 534 1146 574 oon-

194 612 307 691 juncto
315 610 454 670 Moesico
463 608 609 682 exercitu,
618 620 756 688 potuere,
766 622 820 669 aut
830 621 915 671 retro
924 622 1011 670 actae
1020 611 1145 672 deserta

193 706 285 767 ltalia
305 717 428 785 turpem
449 707 553 785 fugam
574 705 804 766 conscivissent.
847 706 909 767 Sed
931 707 1066 767 Caecina
1087 728 1144 786 per

139 818 171 864 10
192 804 292 864 varius
315 823 416 862 moras
443 804 544 882 prima
567 802 708 862 hostibus
733 801 870 880 prodidit
892 813 1035 882 tempora
1058 804 1143 876 belli,

193 903 269 960 dnm
284 919 360 979 quos
374 899 468 958 armis
482 899 596 977 pellere
611 910 789 977 promptum
803 909 872 959 erat
886 900 1026 978 epistolis
1046 900 1145 959 inore·

193 1009 255 1076 pat,
266 997 366 1055 donee
377 1016 431 1075 per
443 995 567 1055 nuntios
577 1005 670 1075 pacta
677 994 825 1074 perfidiae
835 995 980 1055 firmaret
1008 995 1142 1056 Interim

191 1093 335 1172 Aponius
358 1093 544 1153 Saturninus
571 1111 643 1151 oum
670 1091 791 1170 legione
818 1092 951 1170 septima
970 1092 1144 1152 Claudiana

191 1190 337 1248 advenit:
359 1187 472 1266 legioni
486 1188 628 1248 tribunus
642 1188 815 1267 Vipstanus
829 1187 976 1248 Messalla
987 1202 1142 1267 praeerat,
1177 1253 1181 1258 ,

139 1303 169 1348 15
190 1287 280 1348 claris
295 1286 473 1366 majoribus,
485 1286 629 1365 egregius
642 1285 709 1365 ipse
722 1296 756 1346 et
769 1285 824 1364 qui
837 1286 921 1345 solus
930 1286 970 1346 ad
982 1285 1015 1345 id
1026 1287 1142 1346 bellum

192 1396 273 1444 artes
287 1384 383 1443 bonas
397 1383 562 1443 attulisset.
589 1382 656 1442 llas
667 1383 707 1441 ad
717 1383 822 1461 oopias
837 1401 1031 1462 nequaquam
1042 1382 1143 1443 Vitel

191 1482 282 1541 liauis
302 1500 390 1562 pares
413 1479 543 1559 (quippe
564 1490 627 1538 tres
648 1478 750 1539 adhue
770 1478 909 1558 legiones
928 1488 1034 1556 erant)
1056 1481 1142 1540 misit

191 1579 338 1657 epistolas
353 1577 495 1648 Caecina,
509 1575 718 1635 temeritatem
733 1575 816 1635 ricta
833 1594 919 1635 anna
938 1577 1142 1636 metantium

192 1675 355 1734 incusans:
382 1673 473 1732 simul
495 1672 594 1732 virtus
616 1671 793 1731 Germanioi
816 1672 971 1732 exereitus
998 1671 1142 1733 laudibus

137 1787 169 1831 20
191 1771 397 1843 attollebatur,
412 1768 534 1830 Vitellii
549 1769 670 1828 modica
683 1779 717 1829 et
732 1769 852 1847 vulgari
870 1769 1037 1842 mentione,
1051 1769 1138 1828 nulla

191 1868 223 1926 in
245 1867 471 1945 Vespasianum
495 1865 701 1925 contumelia:
721 1865 800 1924 nihil
825 1884 951 1944 prorsus
974 1866 1059 1945 quod
1086 1878 1142 1926 aut

192 1973 405 2042 corrumperet
429 1963 550 2022 hostem
572 1972 627 2021 aut
651 1971 790 2021 terreret.
831 1961 1052 2022 Flavianamm
1072 1982 1142 2042 par·

192 2062 272 2121 tium
295 2061 398 2134 duces,
421 2060 535 2119 omissa
556 2059 667 2139 prioris
693 2059 838 2119 iomunae
865 2059 1058 2134 defensione,
1083 2079 1140 2138 pro

193 2157 385 2238 Vespasiano
414 2156 587 2236 magnifice,
612 2176 667 2235 pro
695 2176 788 2216 eausa
813 2157 956 2231 fidenter,
984 2157 1025 2217 de
1052 2157 1140 2217 exitu

138 2271 170 2316 25
191 2256 299 2329 securi,
314 2257 346 2316 in
360 2255 523 2315 Vitellium
545 2263 579 2313 ut
600 2253 714 2314 inimici
730 2272 971 2333 praesumpsere,
984 2253 1069 2314 iac-ta
1087 2255 1142 2314 tri-

192 2354 282 2414 bunis
296 2352 588 2432 centurionibusque
603 2351 757 2411 retinendi
777 2371 857 2431 quae
871 2350 1020 2412 Vitellius
1040 2351 1141 2410 indul·

192 2452 280 2512 sisset
307 2471 380 2531 spe3
410 2462 502 2529 atque
531 2450 631 2528 ipsum
660 2449 824 2510 Caecinam
850 2468 914 2508 nou
941 2449 1071 2509 obsonre
1099 2449 1140 2508 ad

192 2548 407 2607 transitionem
435 2547 648 2606 hortabantur.
702 2545 865 2605 Recitatae
898 2565 956 2624 pro
989 2545 1140 2606 oonoione

191 2645 339 2723 epistolae
361 2644 509 2703 addidere
536 2643 690 2714 fiduciam,
712 2640 796 2721 quod
823 2641 972 2702 submisse
998 2642 1141 2714 Caecina,

137 2755 169 2800 30
190 2742 277 2800 velut
304 2740 463 2799 offendere
485 2738 713 2817 Vespasianum
737 2737 859 2811 timens,
882 2737 1021 2817 ipsorum
1044 2739 1141 2799 duces

191 2836 393 2914 contemptim
407 2846 554 2914 tanquam
571 2834 754 2894 insultantes
766 2833 898 2894 Vitellio
911 2833 1113 2912 scripsissent

233 2934 280 2993 10.
309 2934 459 2991 Adventu
470 2932 584 2991 deinde
597 2932 728 2991 duarum
742 2931 939 3010 legionum,e
953 2931 1065 3010 quibus
1079 2943 1142 2992 ter·

191 3029 267 3089 tiam
277 3029 391 3089 Dillius
401 3028 592 3107 Aponianus,
601 3039 744 3087 octavam
759 3027 920 3087 Numisius
934 3025 1041 3106 Lupus
1051 3028 1142 3088 duoe-

190 3126 275 3198 bant,
289 3138 446 3185 ostentare
460 3125 542 3184 vires
556 3137 588 3184 et
603 3125 728 3184 militari
744 3125 825 3184 vallo
840 3124 999 3184 Veronam
1014 3125 1142 3184 circum·

190 3222 264 3281 dare
275 3223 399 3300 placuit.
427 3222 523 3281 Forte
534 3221 704 3281 Galbianae
718 3220 833 3300 legioni
848 3220 880 3280 in
891 3221 1022 3281 adversa
1035 3221 1140 3281 fronte

137 3334 152 3378 o
189 3319 350 3397 valliopus
360 3330 503 3390 oesserat,
511 3329 543 3376 et
552 3318 609 3376 visi
621 3317 728 3396 procul
736 3317 890 3377 sociorum
899 3317 1020 3398 equites
1028 3336 1142 3376 vanam

189 3414 390 3474 formidinem
410 3425 446 3473 ut
466 3414 571 3474 hostes
597 3414 709 3474 ieoere.
748 3412 928 3493 Rapiuntur
947 3433 1034 3474 arma
1054 3425 1142 3474 metu
