2580 3944
347 187 607 239 antoanam:
627 187 739 237 amaa
760 188 964 240 sancimus.
1112 176 1154 242 97

149 347 281 427 dietus
299 345 496 428 paucioribus
517 345 704 406 Othonianis
725 365 788 427 quo
807 347 910 408 miuus
930 348 963 407 in
984 348 1101 409 vallum

149 443 403 522 impingerentur,
418 441 545 501 ltalioae
560 441 692 520 legionis
705 443 824 503 virtute
843 443 987 504 deterriti
1007 457 1101 505 sunt:

150 559 187 600 aa
204 538 321 599 strictis
341 537 539 598 mucronibus
559 538 662 597 redire
683 540 788 617 pulsos
809 551 841 600 et
862 560 998 620 pugnam
1019 563 1101 602 resu-

148 655 234 696 mere
252 632 364 714 coegit.
404 633 566 714 Disposita
581 634 820 694 Vitellianarum
841 636 999 714 legionum
1020 639 1102 699 acies

149 733 215 793 sine
241 730 473 810 trepidatione:
509 731 625 790 etenim
661 751 837 810 quanquam
873 733 978 794 vicino
1012 735 1101 796 hoste
1123 751 1153 796 15

149 837 291 912 aspectus
305 847 458 888 armorum
476 826 579 886 densis
593 827 727 886 arbustis
746 829 975 907 prohibebatur.
1004 833 1100 911 Apud

148 926 343 988 Othonianos
357 926 464 1007 pavidi
481 924 584 999 duces,
599 925 687 985 miles
702 926 833 986 ducibus
847 928 992 1002 infensus,
1002 928 1101 989 mixta

147 1022 291 1084 vehicula
317 1034 350 1083 et
376 1023 470 1096 lixae,
495 1031 528 1082 et
551 1021 726 1101 praeruptis
752 1023 907 1103 utrimque
934 1025 1026 1086 fossis
1050 1027 1101 1086 via

148 1119 254 1199 quieto
282 1139 403 1200 qnoque
433 1117 550 1198 agmini
585 1130 726 1196 angusta.
778 1119 1012 1182 Circumsistere
1047 1122 1100 1181 alii

147 1217 237 1296 signa
256 1237 319 1290 sua,
339 1234 487 1297 quaerere
509 1215 581 1288 alii3
601 1215 739 1273 incertus
760 1218 896 1295 undique
917 1219 1033 1278 elamor
1054 1238 1100 1279 aa
1121 1232 1154 1278 20

146 1313 346 1388 currentium,
361 1310 641 1374 conclamantium:
660 1320 694 1369 ut
708 1311 817 1391 cuique
832 1314 962 1373 audacia
976 1314 1025 1374 vel
1040 1314 1101 1374 lor·

147 1410 241 1485 mido,
265 1410 298 1470 in
322 1410 455 1490 primam
482 1418 710 1487 postremamve
732 1408 832 1468 aciem
859 1409 1100 1489 prorumpebant

147 1517 201 1568 aut
215 1500 443 1567 relabebantur.

186 1606 235 1665 42.
261 1604 424 1664 Attonitas
439 1600 542 1662 subito
558 1610 677 1662 terrore
692 1611 813 1663 mentes
826 1602 940 1664 falsum
949 1603 1100 1682 gaudium

145 1701 178 1761 in
199 1702 379 1780 languorem
400 1698 507 1773 vertit,
522 1700 653 1779 repertis
674 1699 728 1781 qui
750 1700 915 1762 descivisse
936 1700 1098 1762 aVitellio

146 1798 317 1858 exercitum
337 1794 570 1857 ementirentur.
613 1797 645 1857 Is
665 1818 772 1859 rumor
791 1799 830 1858 ab
851 1798 1099 1878 exploratoribus

145 1897 268 1958 Vitellii
289 1899 454 1979 dispersus,
475 1916 515 1955 an
536 1896 568 1955 in
589 1895 657 1975 ipsa
678 1893 812 1955 Othonis
833 1905 921 1975 parte
942 1915 997 1956 seu
1016 1896 1098 1956 forte

146 1995 322 2067 surrexerit,
336 2013 447 2072 parum
468 2004 672 2072 compertum.
714 1991 837 2051 Omisso
852 2011 975 2071 pugnae
989 1993 1098 2052 ardore
1135 2005 1151 2052 t

146 2089 317 2148 Othoniani
331 2091 414 2148 ultro
429 2088 619 2161 salutaver03
633 2098 666 2146 et
676 2087 782 2146 hostili
795 2107 951 2147 murmure
966 2088 1098 2168 excepti,

146 2182 299 2261 plerisque
314 2203 440 2243 suorum
453 2183 569 2261 ignaris
587 2202 665 2261 quae
687 2201 779 2241 cansa
799 2183 965 2257 salutandi,
979 2195 1098 2244 metum

146 2275 332 2356 proditionis
353 2278 466 2339 fecere.
509 2279 592 2338 Tum
609 2277 750 2337 incubuit
765 2278 903 2338 hostium
918 2278 1007 2352 acies,
1022 2280 1098 2339 inte-

146 2371 210 2451 gris
230 2373 398 2449 ordinibus,
419 2375 530 2437 robore
551 2383 583 2434 et
605 2392 733 2432 numero
754 2374 977 2452 praestantior:
1002 2375 1098 2435 Otho-

146 2468 239 2542 niani,
264 2492 440 2553 quanquam
469 2469 609 2550 dispersi,
639 2469 809 2549 panciores,
838 2470 918 2540 fessi,
945 2471 1097 2549 proelium
1120 2485 1150 2533 ιο

145 2575 249 2627 tamen
275 2571 388 2631 acriter
410 2587 577 2648 sumpsere.
619 2565 663 2626 Et
686 2585 742 2646 per
769 2567 853 2627 locos
877 2567 1036 2627 arboribus
1061 2587 1097 2628 ac

145 2664 243 2725 vineis
268 2666 435 2747 impeditos
463 2687 523 2726 non
551 2684 613 2724 nna
637 2682 759 2743 pugnae
784 2663 896 2724 broies:
925 2663 1096 2725 comminus

144 2763 272 2837 eminus,
284 2760 417 2825 catervis
433 2774 465 2825 et
479 2763 585 2824 cuneis
600 2760 841 2822 concurrebant:
857 2760 890 2820 in
902 2781 1014 2840 aggere
1026 2761 1095 2820 viae

144 2858 258 2917 collato
285 2861 385 2938 gradu
413 2860 594 2940 corporibus
620 2867 652 2919 et
679 2857 865 2917 umbonibus
888 2857 957 2930 niti,
981 2857 1095 2919 omisso

143 2953 277 3032 pilorum
287 2957 375 3034 jactu
386 2957 496 3036 gladiis
511 2968 543 3016 et
558 2955 715 3015 securibus
727 2956 831 3034 galeas
846 2954 1017 3032 loricasque
1029 2974 1096 3032 per·
1116 2969 1147 3016 15

143 3069 303 3130 rumpere:
317 3063 480 3113 noscentes
495 3054 577 3111 inter
591 3072 633 3125 se,
648 3051 758 3112 ceteris
774 3050 940 3131 conspicui,
956 3050 988 3110 in
1004 3069 1095 3110 even-

142 3155 211 3206 turn
224 3147 321 3208 totius
335 3149 409 3208 belli
424 3150 594 3210 certabant.

183 3245 232 3303 43.
260 3244 355 3305 Forte
370 3245 452 3306 inter
463 3244 585 3305 Padum
596 3244 740 3324 viamque
754 3244 873 3325 patenti
889 3263 998 3324 campo
1013 3243 1093 3304 duae

141 3339 280 3418 legiones
301 3361 483 3421 congressae
503 3350 585 3415 sunt,
606 3361 663 3422 pro
684 3341 814 3403 Vitellio
841 3341 1092 3414 unaetvioesima,

142 3437 192 3496 cui
214 3457 385 3516 cognomen
407 3439 535 3519 Rapaci,
557 3448 661 3499 vetere
682 3439 780 3519 gloria
799 3438 936 3519 insignis,
957 3458 975 3499 a
1002 3448 1092 3518 parte

631 3536 647 3584 5
