2580 3944
342 186 602 236 mmo!
622 187 735 235 runnu
755 188 960 236 smusnts.
1093 175 1157 240 1⁰1

152 331 373 423 pugnaediem
393 344 770 422 hcenwrpomtrnnei
789 356 1008 425 amputans
1026 347 1158 408 tirou

152 461 220 500 rum
234 460 445 520 equorumque
459 439 589 512 formae,
603 441 721 499 infecta
736 442 813 500 tabo
826 442 948 515 humus,
961 445 1104 523 protritis

151 537 311 597 arboribus
324 556 361 596 ac
374 536 521 614 frugibus
541 537 611 594 dira
624 538 764 596 vastitas.
804 537 874 597 Nec
894 541 997 599 minus
1015 541 1105 599 inbu-

150 653 244 693 mana
256 653 327 712 pars
341 633 421 704 viae,
436 652 529 711 quam
544 633 770 692 Cremonenses
784 635 873 693 lauru
887 655 1018 715 rosaque
1032 657 1104 696 oon-

151 740 336 803 strarerant,
346 729 500 789 extructis
509 729 659 788 altaribus
669 731 827 808 caesisque
838 731 973 790 uictimis
982 734 1101 811 regium

149 826 182 885 iu
197 846 335 902 morem3
355 846 436 907 quae
450 825 534 884 laeta
547 825 580 884 in
594 845 740 904 praesens
753 846 827 884 mox
842 829 1012 905 perniciem
1027 830 1102 906 ipsis
1124 844 1156 890 ιο

149 922 262 983 iecere.
301 925 425 984 Aderat
453 921 572 981 Valens
598 934 632 980 et
660 922 803 994 Caecina,
825 925 1102 1004 monstrabantque

149 1039 273 1099 pugnae
296 1021 399 1081 locos:
426 1020 500 1079 hinc
527 1018 675 1096 irrupisse
702 1020 859 1098 legionum
886 1040 1008 1100 agmen,
1027 1022 1102 1082 hinc

149 1117 269 1195 equites
295 1129 429 1189 coonos,
448 1115 523 1175 iude
543 1116 747 1175 circumfusas
767 1117 952 1177 auxiliorum
972 1139 1100 1178 manus:

148 1213 213 1291 jam
226 1212 345 1273 tribuni
359 1212 581 1293 praefectique,
592 1231 648 1270 sua
662 1211 792 1289 quisque
806 1211 891 1270 iacta
904 1215 1100 1287 extollentes,

148 1307 236 1382 lalsa,
248 1329 331 1383 vera,
343 1320 398 1369 aut
412 1310 533 1388 majora
544 1327 619 1366 vero
630 1307 812 1366 miscebant.
840 1307 964 1386 Vulgus
977 1329 1100 1388 quoque
1122 1325 1153 1369 1⁵

147 1405 282 1465 militum
297 1407 432 1466 clamore
445 1415 478 1464 et
492 1405 607 1482 gaudio
629 1404 795 1462 deflectere
810 1404 870 1476 via,
885 1405 986 1482 spatia
1005 1419 1101 1464 certa·

147 1501 266 1563 minum
280 1520 512 1582 recognoscere,
526 1521 672 1580 aggerem
694 1519 859 1569 annorum,
873 1512 974 1560 strues
994 1521 1100 1580 corpo

147 1618 216 1657 rum
237 1599 361 1673 intueri,
381 1598 506 1673 mirari;
527 1608 559 1657 et
580 1609 669 1657 eraut
692 1616 770 1675 quos
795 1596 883 1655 varia
906 1617 972 1656 sors
995 1618 1098 1658 rerum

147 1694 351 1774 lacrimaeque
372 1706 406 1754 et
425 1695 636 1755 misericordia
655 1695 788 1754 subiret:
809 1703 843 1753 at
863 1714 926 1753 non
948 1693 1098 1756 Vitellius

146 1790 234 1850 flexit
254 1792 370 1865 oculos,
384 1810 443 1850 nec
456 1801 506 1851 tot
519 1792 605 1852 milia
618 1792 843 1871 insepultorum
862 1792 976 1852 civium
991 1795 1098 1855 exhor·
1118 1809 1150 1854 au

146 1887 225 1945 ruit:
252 1887 352 1947 laetus
379 1887 463 1946 ultro
491 1900 524 1948 et
551 1898 616 1947 tam
641 1888 833 1968 propinquae
856 1889 949 1950 sortis
970 1890 1097 1970 ignaru

147 1979 337 2042 instaurabat
358 2002 479 2042 sacrum
499 1984 549 2043 dis
569 1985 639 2044 loci.

188 2075 236 2134 73.
263 2076 328 2136 Vix
343 2078 491 2139 credibile
506 2093 679 2141 memoratu
698 2091 747 2141 est
761 2091 912 2161 quantum
934 2085 1096 2163 superbiae

147 2170 365 2250 socordiaeque
375 2172 506 2233 Vitellio
518 2174 700 2249 adoleverit,
712 2188 875 2258 postquam
888 2180 1096 2259 speculatores

147 2283 163 2322 e
175 2264 264 2343 Syria
272 2265 293 2326 J
295 2269 453 2347 udaeaque
465 2270 610 2329 adactum
621 2271 652 2330 in
664 2274 761 2332 verba
770 2275 838 2354 ejus
848 2275 1010 2337 Orientem
1022 2299 1097 2338 riuu-

146 2361 274 2422 tiavere.
316 2364 409 2437 Nam,
424 2366 482 2426 etsi
496 2365 583 2446 vagis
598 2368 699 2429 adhuc
714 2379 746 2429 et
761 2369 887 2432 incertis
910 2375 1095 2449 auctoribus,

145 2468 213 2518 erat
227 2468 332 2520 tamen
348 2461 379 2520 in
395 2480 447 2520 ore
467 2462 611 2543 famaque
627 2463 838 2545 Vespasianus
859 2488 895 2529 ac
916 2471 1096 2551 plerumque
1133 2487 1148 2532 t

145 2555 312 2616 adnomen
328 2558 393 2636 ejus
408 2557 555 2619 Vitellius
571 2559 786 2624 excitabatur:
807 2576 874 2625 tum
896 2565 961 2646 ipse
983 2567 1095 2629 exerci-

143 2660 265 2731 tusque,
289 2664 325 2713 ut
348 2655 433 2714 nullo
462 2657 593 2732 aemulo,
618 2659 759 2735 saevitia,
784 2661 923 2738 libidine,
947 2675 1038 2745 raptu
1062 2665 1094 2728 in

144 2761 288 2808 externos
302 2770 402 2811 mores
417 2765 632 2833 proruperant.

184 2845 232 2905 74.
259 2846 305 2905 At
323 2847 534 2927 Vespasianus
553 2851 670 2912 bellum
691 2872 836 2934 armaque
859 2864 891 2916 et
911 2858 1018 2937 procul
1042 2860 1093 2920 vel

146 2940 239 3018 juxta
266 2941 340 3003 sitas
367 2944 448 3005 vires
476 2946 763 3029 circumspectabat.
808 2949 900 3012 Miles
927 2951 986 3034 ipsi
1014 2954 1094 3017 adeo

142 3047 279 3115 paratus,
294 3048 329 3098 ut
342 3053 527 3120 preeuntem
543 3059 771 3106 sacramentum
791 3057 824 3107 et
844 3047 948 3110 fausta
962 3051 1093 3113 Vitellio

142 3133 247 3193 omnia
274 3148 452 3214 precantem
479 3159 536 3219 per
563 3140 721 3201 silentium
749 3143 925 3220 audierint;
954 3146 1093 3209 Muciani

142 3229 262 3289 animus
283 3252 340 3293 nec
359 3233 553 3314 Vespasiano
574 3237 692 3297 alienus
713 3249 745 3298 et
766 3237 797 3298 in
820 3238 927 3302 Titum
949 3244 1093 3323 pronior3
1129 3258 1145 3307 t

141 3325 318 3404 praelectus
332 3330 474 3410 Aegypti
495 3331 543 3392 Ti.
559 3331 739 3393 Alexander
752 3334 880 3396 consilia
900 3338 1093 3416 sociaverat3

140 3422 267 3484 tertiam
280 3423 445 3504 legionem,
459 3427 541 3507 quod
556 3448 574 3488 e
590 3428 681 3509 Syria
701 3429 733 3490 in
749 3430 901 3494 Moesiam
920 3435 1092 3514 transisset,
