2580 3944
311 155 576 216 'marcomanni
598 165 708 214 uana
732 164 933 214 sucuunus.
1087 147 1129 212 89

122 323 233 386 munia
245 322 404 403 implebat,
418 333 455 384 ut
468 323 494 384 si
508 324 630 383 adesset
650 322 818 402 imperator
832 332 865 382 et
878 322 1012 382 strenuis
1025 322 1077 382 vel
1098 336 1128 381 1o

122 419 245 501 ignavis
258 439 347 499 spem
361 429 540 498 metumque
556 419 693 479 adderet.
736 419 884 479 Instruoti
901 418 1075 498 intentique

123 519 248 598 signum
255 516 457 595 profectionis
467 527 647 594 exposcunt,
659 517 782 575 nomine
791 515 968 575 Germanici
977 515 1075 575 Vitel-

122 616 166 675 lio
180 613 287 674 statim
302 613 429 672 addito:
452 612 615 672 Caesarem
636 633 669 672 se
691 612 838 690 appellari
860 611 955 671 etiam
976 612 1076 671 victor

123 710 291 791 prohibuit.
332 708 466 769 Laetum
480 708 643 787 augurium
659 708 756 768 Fabio
772 707 901 767 Valenti
915 707 1075 766 exercitui-

124 827 193 886 que,
205 826 297 886 quem
311 804 344 865 in
357 805 474 865 bellum
486 805 607 884 agebat,
619 805 685 883 ipso
700 804 900 883 profectionis
912 803 962 862 die
974 802 1077 882 aquila
1099 820 1128 863 15

124 902 188 963 leni
203 911 315 976 meatu,
327 912 419 980 prout
433 921 545 981 agmen
560 901 726 975 incederet,
739 901 825 960 velut
837 901 901 958 dux
912 899 980 958 viae
991 919 1077 978 prae·

123 999 251 1072 volavit,
260 1000 449 1078 longumque
464 1018 520 1077 per
533 998 669 1076 spatium
683 997 709 1056 is
722 995 927 1076 gaudentium
942 994 1076 1054 rnilitum

124 1096 249 1168 clamor,
264 1114 301 1154 ea
315 1095 401 1175 quies
415 1095 576 1155 interritae
597 1093 680 1154 alitis
700 1094 770 1167 fuit,
787 1105 821 1153 ut
842 1093 926 1154 haud
947 1091 1076 1152 dubium

125 1210 255 1272 magnae
270 1199 302 1251 et
315 1211 478 1272 prosperae
493 1191 537 1252 rei
553 1211 644 1252 omen
659 1189 860 1270 acciperetur.

227 1827 564 1897 HISTORIARUM
595 1829 737 1895 LIBER
768 1828 1026 1896 SECUNDUS.

167 2064 194 2122 1.
229 2063 378 2124 Struebat
394 2063 461 2142 jam
475 2063 604 2124 fortuna
618 2063 649 2123 in
664 2065 788 2124 diversa
809 2074 898 2143 parte
921 2074 1076 2125 terrarum

124 2159 214 2220 initia
228 2179 395 2239 causasque
414 2160 554 2239 imperio,
570 2161 654 2241 quod
669 2161 756 2220 varia
777 2172 860 2220 sorte
881 2162 998 2221 laetum
1020 2163 1077 2222 rei-

124 2257 266 2334 publicae
294 2267 349 2317 aut
371 2266 470 2331 atrox,
493 2257 569 2336 ipsis
598 2257 789 2337 principibus
817 2278 1000 2336 prosperum
1024 2261 1075 2318 vel

125 2353 222 2412 exitio
249 2352 319 2413 fuit.
372 2352 462 2413 Titus
488 2353 700 2433 Vespasianus
730 2374 747 2413 e
774 2354 898 2415 Judaea
927 2355 1075 2415 incolumi

125 2449 226 2510 adhuc
240 2450 339 2510 Galba
359 2449 469 2511 missus
489 2470 508 2510 a
527 2460 626 2528 patre,
641 2470 766 2510 causam
787 2451 991 2530 profectionis
1012 2452 1073 2510 offi-
1111 2467 1126 2510 a

124 2545 207 2604 oium
226 2566 301 2625 erga
321 2545 492 2626 principem
514 2556 547 2607 et
568 2559 721 2608 maturam
743 2547 886 2626 petendis
907 2548 1075 2607 honoribus

120 2642 283 2721 juventam
303 2641 434 2717 ferebat,
449 2644 503 2703 sed
519 2644 632 2722 vulgus
652 2644 792 2723 fingendi
813 2644 939 2703 avidum
960 2645 1076 2723 disper-

124 2749 206 2798 serat
234 2739 367 2799 aocitum
395 2739 429 2799 in
458 2741 669 2820 adoptionem.
719 2741 854 2801 Materia
882 2742 1075 2802 sermonibus

124 2836 243 2895 senium
258 2846 291 2895 et
305 2836 421 2896 orbitas
440 2838 591 2918 principis
612 2848 644 2897 et
666 2838 907 2919 intemperantia
927 2839 1074 2913 civitatis,

125 2931 223 2991 donec
257 2951 338 2992 unus
371 2933 515 3012 eligatur,
543 2935 658 2994 multos
693 2934 881 2995 destinandi.
927 2937 1075 3014 Augebat
1098 2951 1128 2996 10

124 3027 240 3086 famam
260 3027 356 3106 ipsius
377 3029 442 3090 Titi
465 3030 624 3111 ingenium
647 3041 902 3111 quantaecunque
930 3031 1074 3092 fortunae

124 3143 233 3202 capax,
253 3124 348 3184 decor
372 3126 433 3187 oris
461 3147 531 3187 cum
553 3127 687 3207 quadam
714 3127 887 3206 majestate,
908 3148 1075 3208 prosperae

125 3219 310 3298 Vespasiani
324 3241 383 3295 res,
398 3242 547 3304 praesaga
568 3243 724 3303 responsa,
740 3234 773 3284 et
786 3223 943 3285 inclinatis
958 3226 997 3284 ad
1013 3245 1076 3284 cre-

125 3315 264 3377 dendum
292 3308 413 3392 animis,
440 3319 509 3380 loco
522 3386 523 3389 Ἴ
536 3320 676 3381 ominum
704 3320 800 3380 etiam
827 3321 967 3381 fortuita
1008 3319 1075 3381 Ubi

126 3411 268 3474 Corinthi
285 3413 441 3495 [Achaiae
456 3417 549 3499 urbe]
565 3425 668 3478 certos
683 3416 808 3478 nuntios
830 3417 950 3496 accepit
971 3416 1011 3475 de
1031 3413 1076 3474 iu·
1097 3429 1128 3474 la
