2610 3908
294 233 493 284 uxorum
515 233 669 283 nmnoo1
691 233 742 282 nn
763 233 1005 284 oaaronmus.
1097 221 1161 288 157

196 395 244 455 31.
272 392 324 454 Ita
345 402 393 453 est
414 392 506 466 enim,
526 391 637 471 optimi
657 391 726 466 viri,
745 391 807 451 ita:
830 412 867 450 ex
890 392 990 452 multa
1006 394 1106 454 erudi·

156 489 243 551 tione
258 500 290 550 et
303 489 444 570 plurimis
459 489 576 549 artibus
591 498 622 548 et
637 489 777 548 omnium
796 508 900 548 rerum
915 488 1045 549 scientia
1059 512 1109 550 ex-

154 588 253 646 undat
276 595 309 646 et
331 587 481 645 exuberat
502 587 554 644 illa
576 583 766 644 admirabilis
788 585 985 665 eloquentia;
1007 607 1108 667 neque

154 683 285 743 oratoris
300 682 346 742 vis
367 693 399 742 et
419 681 562 754 facultas,
578 681 658 741 siout
678 692 851 741 ceterarum
872 702 985 757 rerum,
1000 704 1127 763 angus„

153 779 194 839 tis
206 790 238 839 et
249 779 395 839 brevibus
407 778 547 838 terminis
559 778 702 852 cluditur,
712 778 767 838 sed
781 777 808 838 is
823 788 870 839 est
882 790 993 854 orator,
1005 780 1058 862 qui
1069 782 1108 841 do
1144 796 1160 841 t

154 875 238 935 omni
253 876 433 954 quaestione
447 875 574 953 pulchre
588 885 621 934 et
635 886 744 935 ornate
759 887 791 935 et
803 878 842 935 ad
858 878 1107 956 persuadendum

153 983 225 1050 apte
246 972 360 1046 dicere,
381 992 436 1052 pro
458 972 610 1051 dignitate
632 992 745 1048 rerum,
767 974 806 1034 ad
834 975 1003 1036 utilitatem
1027 985 1104 1036 tem-

153 1087 273 1147 porum,
291 1089 361 1128 curn
377 1070 539 1148 voluptate
555 1069 752 1131 audientium
765 1071 872 1150 possit.

194 1165 264 1226 Hoc
279 1166 338 1224 sibi
352 1165 396 1224 illi
410 1176 531 1225 veteres
546 1181 768 1245 persuaserant,
783 1169 823 1228 ad
839 1170 897 1229 hoc
911 1169 1107 1230 efficiendum

153 1259 371 1340 intelligebant
392 1281 470 1341 opus
490 1281 567 1335 esse,
582 1283 643 1322 non
660 1264 740 1323 utin
756 1264 914 1325 rhetorum
927 1267 1041 1326 scholis
1056 1267 1107 1326 de·
1129 1280 1158 1327 ιο

153 1359 333 1432 clamarent,
354 1377 411 1419 nec
435 1367 469 1418 ut
493 1358 574 1418 fictis
597 1379 654 1420 nec
675 1361 738 1420 ullo
761 1361 854 1422 modo
879 1362 918 1421 ad
940 1364 1106 1422 veritatem

154 1454 374 1516 accedentibus
402 1456 621 1517 controversiis
648 1455 785 1536 linguam
812 1456 906 1516 modo
934 1465 966 1516 et
993 1477 1105 1517 vocem

153 1560 343 1627 exercerent,
354 1553 410 1613 sed
420 1561 456 1612 ut
466 1551 504 1612 iis
515 1553 633 1614 artibus
645 1563 753 1632 pectus
764 1553 938 1632 implerent,
950 1553 981 1614 in
995 1553 1104 1634 quibus

48 1656 49 1659 ’
153 1650 192 1709 de
207 1649 296 1710 bonis
310 1669 346 1710 ac
361 1649 458 1725 malis,
474 1651 513 1711 de
535 1652 666 1712 honesto
686 1662 719 1711 et
739 1650 833 1730 turpi,
848 1651 886 1711 de
902 1651 989 1731 justo
1011 1661 1042 1712 et
1062 1652 1106 1712 in·

147 1746 235 1826 justo
256 1746 451 1826 disputatur;
479 1750 555 1809 haec
580 1750 663 1810 enim
688 1759 735 1809 est
757 1749 875 1809 oratori
900 1750 1043 1830 subjecta
1065 1750 1104 1809 ad
1127 1764 1157 1810 15

152 1843 321 1903 dicendum
336 1845 475 1905 materia.
516 1846 600 1906 Nam
615 1846 646 1906 in
662 1845 790 1925 judiciis
804 1846 868 1906 fere
882 1847 922 1907 do
938 1847 1103 1927 aequitate,

152 1941 182 2000 in
208 1942 485 2004 deliberationibus
509 1945 546 2004 da
572 1946 716 2018 utilitate,
741 1948 776 2003 in
800 1944 1037 2003 laudationibus
1065 1944 1104 2003 de

154 2039 315 2100 honestate
337 2041 524 2114 disserimus,
540 2041 584 2100 ita
603 2049 707 2100 tamen
723 2051 757 2099 ut
772 2041 953 2119 plerumque
974 2041 1050 2099 haec
1071 2039 1102 2098 in

152 2134 251 2194 vicem
265 2136 472 2197 misceantur:
487 2137 526 2195 de
542 2136 652 2217 quibus
667 2135 790 2213 copiose
804 2144 837 2195 et
851 2137 934 2194 varie
949 2146 981 2196 et
996 2146 1104 2196 ornate

152 2250 244 2290 nemo
259 2232 362 2293 dicere
382 2242 496 2311 potest,
510 2232 569 2292 nisi
591 2231 645 2312 qui
666 2231 815 2309 cognovit
836 2241 980 2290 naturam
1000 2232 1106 2290 huma-
1126 2247 1156 2292 20
1234 2240 1238 2247 '

151 2347 223 2386 nam
238 2337 270 2388 et
285 2327 349 2387 vim
363 2328 515 2389 virtutum
530 2328 777 2407 pravitatemque
792 2327 948 2400 vitiorum,
963 2338 995 2386 et
1014 2328 1103 2388 habet

151 2425 346 2487 intellectum
362 2447 468 2488 eorum
484 2446 563 2507 quae
578 2445 635 2486 neo
652 2424 684 2484 in
699 2424 865 2485 virtutibus
886 2443 943 2483 nec
964 2423 997 2482 in
1019 2423 1103 2484 vitiis

150 2534 360 2584 numerantur.
406 2524 453 2583 Ex
473 2525 522 2585 his
543 2523 682 2585 fontibus
698 2520 793 2583 etiam
813 2520 867 2580 illa
885 2520 1052 2601 profluunt,
1067 2532 1103 2581 ut

149 2618 271 2680 facilins
286 2620 362 2681 iram
376 2621 491 2701 judicis
504 2624 553 2681 vel
567 2620 695 2700 instiget
706 2620 756 2679 vel
770 2617 876 2690 leniat,
887 2616 940 2697 qui
955 2617 1013 2677 soit
1028 2617 1102 2697 quid

151 2720 193 2776 ait
212 2716 267 2791 ira,
289 2719 464 2799 promptius
486 2719 524 2779 ad
546 2718 776 2780 miserationem
797 2715 946 2794 impellat,
968 2713 1022 2794 qui
1046 2714 1103 2774 soit
1123 2730 1155 2778 25

150 2813 224 2891 quid
246 2815 287 2874 sit
307 2815 518 2876 misericordia
533 2826 565 2876 et
583 2816 695 2895 quibus
710 2814 804 2875 animi
819 2811 955 2872 motibus
970 2809 1103 2870 concite·

148 2920 210 2969 tur.
240 2910 277 2970 ln
293 2912 339 2971 his
354 2912 471 2973 artibus
485 2913 820 2992 exercitationibusque
836 2919 976 2971 versatus
990 2918 1102 2982 orator,

148 3005 213 3065 sive
229 3007 312 3085 apud
326 3008 455 3069 infestos
469 3009 535 3068 sive
547 3010 629 3088 apud
642 3010 771 3088 cupidos
786 3009 851 3070 sive
867 3007 948 3086 apud
964 3005 1103 3065 inviden-

147 3112 195 3162 tes
220 3103 284 3163 sive
313 3106 394 3183 apud
424 3105 528 3165 tristes
557 3105 622 3165 sive
651 3105 733 3183 apud
762 3105 910 3164 timentes
934 3101 1102 3162 dicendum

148 3200 300 3273 habuerit,
322 3201 442 3261 tenebit
464 3221 559 3261 venas
583 3201 766 3274 animorum,
787 3211 820 3261 et
841 3212 934 3280 prout
957 3199 1104 3279 cujusque
1125 3214 1154 3259 ao

148 3307 261 3356 natura
277 3296 456 3376 postulabit,
472 3297 633 3358 adhibebit
648 3317 772 3356 manum
788 3307 820 3357 et
834 3296 1022 3378 temperabit
1037 3314 1102 3354 ora·

147 3393 275 3467 tionem,
291 3404 400 3473 parato
418 3394 501 3454 omni
521 3395 729 3455 instrumento
750 3403 783 3454 et
803 3393 844 3454 ad
865 3412 989 3453 ornnem
1011 3411 1101 3452 usum

148 3489 292 3568 reposito.
335 3490 416 3552 Sunt
436 3491 518 3570 apud
540 3512 618 3571 quos
641 3490 801 3551 astrictum
827 3497 859 3550 et
884 3489 1048 3549 collectum
1069 3498 1102 3548 et
