2580 3944
136 118 179 182 40
438 135 635 184 nouam
654 135 869 184 tammus.

190 293 384 352 sermonibus
405 294 553 372 praebere
575 313 675 366 aures,
696 294 832 373 deniqne
853 294 963 354 luxum
985 305 1023 356 et
1044 297 1152 358 otim

137 405 169 449 1ο
189 410 313 468 cupere,
326 391 523 468 disciplinam
537 402 569 450 et
584 391 722 450 laborem
736 391 905 469 aspernati.
938 389 1019 451 Erat
1032 392 1068 452 in
1083 414 1153 454 σε»

190 488 247 545 tris
268 485 458 545 Percennius
479 488 700 565 qnidam,du1
720 487 795 546 olim
815 487 1016 546 theatralium
1036 509 1153 568 open-

190 604 269 653 mm,
291 584 363 641 dein
385 585 546 661 gregarius
566 585 664 655 miles,
685 603 801 662 procax
826 584 933 662 lingna
953 598 987 645 et
1009 587 1152 648 mime

190 694 296 738 coetus
311 681 483 738 histrionali
497 681 602 739 studio
615 680 737 739 doctus.
778 680 810 740 ls
831 681 993 759 imperitos
1011 684 1151 745 animm.

191 792 222 835 et
238 797 389 854 quaenam
404 791 473 855 post
488 779 667 854 Augurum
682 777 813 835 militiae
826 779 970 837 condicio
984 780 1153 858 ambigen-

138 890 168 930 15
189 887 246 944 tes,
268 874 425 951 impellere
446 874 596 950 paulatim
617 874 778 932 nocturnis
799 875 962 953 colloquiis
981 888 1036 934 aut
1058 878 1150 936 flexo

191 971 222 1027 in
248 990 407 1047 vesperam
433 970 494 1040 die,
517 983 548 1028 et
576 970 704 1049 dilapsis
731 971 910 1031 melioribus
936 972 1149 1033 deterrimum

192 1087 345 1145 quemque
366 1086 565 1145 congregare.

234 1167 280 1221 17.
322 1163 487 1221 Postremo
502 1165 656 1242 promptis
668 1167 733 1244 jam
748 1178 781 1224 et
799 1166 868 1225 aliis
881 1166 1046 1226 sedition'm
1067 1169 1151 1228 min-

191 1262 275 1322 istris
300 1261 385 1319 velut
410 1262 684 1320 contionabundus
711 1263 935 1342 interrogabat,
955 1284 1012 1322 cur
1033 1267 1149 1342 paucis

192 1359 434 1429 centurionibus,
446 1358 642 1437 paucioribus
652 1359 785 1418 tn'bnnis
799 1360 831 1418 in
842 1360 971 1418 modum
981 1380 1148 1421 servorum

191 1456 379 1513 obedirent?
405 1455 530 1533 quando
558 1475 686 1515 ausuros
712 1476 879 1535 exposcere
907 1457 1057 1529 remedia,
1082 1459 1148 1518 uin'

138 1567 154 1611 5
192 1571 306 1610 notum
321 1565 352 1609 et
368 1566 528 1609 nutantem
550 1552 652 1610 adhuc
673 1553 845 1631 principem
865 1554 1010 1632 precibus
1023 1555 1077 1612 tel
1098 1575 1148 1614 ar·

191 1649 250 1706 mis
271 1648 416 1706 adirent?
456 1648 538 1707 Satis
560 1669 615 1726 per
635 1663 682 1708 tot
704 1669 801 1709 annos
821 1650 948 1728 ignavia
967 1663 1147 1729 peemtm,

192 1745 275 1823 qnod
290 1745 409 1803 tricena
423 1758 476 1803 aut
491 1747 690 1824 quadragena
710 1747 865 1825 stipendia
885 1766 984 1818 senet„
998 1760 1031 1806 et
1050 1749 1147 1826 pleri·

192 1862 252 1919 que
280 1854 426 1900 truncato
453 1862 491 1900 ex
520 1843 701 1902 vulneribus
728 1863 868 1922 corpore,
895 1844 1042 1903 tolerent.
1092 1845 1146 1904 Xe

192 1938 325 1996 dimisis
340 1938 466 2016 quidem
482 1939 574 1997 linem
590 1959 656 1998 esse
671 1940 810 2011 militiae,
824 1940 879 1999 sed
893 1940 977 2018 apud
991 1941 1145 2000 vexillum

140 2049 170 2092 lo
191 2036 357 2094 tendentes
371 2035 432 2093 alio
447 2036 598 2094 vocabulo
615 2037 741 2095 eosdem
760 2037 881 2095 labores
901 2037 1051 2115 perferre.
1091 2040 1146 2096 Ae

191 2133 217 2191 si
232 2134 301 2212 quis
316 2147 362 2192 tot
377 2152 465 2192 casus
480 2133 545 2192 vita
559 2134 763 2211 superaverit,
778 2134 860 2192 trahi
881 2134 984 2193 adhuc
1001 2134 1146 2194 diversas

192 2230 223 2288 in
239 2246 347 2300 terras,
360 2231 411 2288 ubi
427 2251 483 2308 per
497 2250 608 2288 nomen
624 2250 769 2308 agrorum
784 2231 916 2308 uligines
930 2230 1079 2308 paludum
1091 2232 1145 2290 vel

192 2328 309 2387 inculta
324 2329 475 2387 montium
491 2328 654 2406 accipiant.
695 2327 865 2385 Enimuero
883 2327 1027 2385 militiam
1040 2328 1145 2404 ipsam

191 2445 330 2502 gravem,
344 2426 589 2484 infructuosam:
610 2424 699 2482 denis
719 2424 750 2482 111
764 2424 849 2482 diem
867 2424 986 2482 auibus
1005 2423 1144 2484 animam

139 2535 171 2578 15
191 2534 222 2579 et
244 2541 355 2599 eorpus
372 2523 548 2580 aestimari:
569 2522 642 2580 binc
657 2533 786 2591 vestem,
800 2539 895 2591 arma,
909 2520 1056 2592 tentoria,
1067 2520 1145 2580 hine

192 2618 353 2675 saevitiam
368 2619 584 2676 centurionum
599 2633 630 2676 et
645 2617 824 2676 vacationes
838 2636 1001 2674 munerum
1018 2616 1145 2677 redimi.

192 2715 236 2771 At
252 2714 377 2772 hercule
391 2715 521 2772 verbera
534 2728 566 2773 et
582 2716 720 2785 vulnem,
735 2714 845 2771 duram
867 2713 1014 2784 hiemem,
1027 2714 1147 2772 exerei-

192 2822 241 2868 tas
261 2824 405 2881 aestates,
423 2811 537 2868 bellum
559 2824 648 2869 atrox
670 2824 723 2869 aut
744 2811 882 2869 sterilem
902 2829 1012 2888 pacem
1031 2810 1146 2886 aupi-

193 2918 292 2963 terna.
343 2906 412 2964 Nec
439 2907 523 2965 aliud
552 2907 762 2965 levamentum
789 2927 884 2986 quam
910 2906 937 2965 si
964 2906 1058 2965 certia
1083 2906 1146 2965 snb

139 3016 171 3060 20
192 3000 313 3078 legibus
327 3003 438 3060 militia
452 3003 592 3074 iniretur,
607 3017 640 3062 ut
658 3004 795 3081 singulos
810 3003 955 3062 denarios
974 3015 1144 3075 mererent,

193 3111 299 3156 sextus
313 3098 461 3157 decumus
474 3100 622 3177 stipendii
636 3120 735 3157 annus
748 3099 841 3158 finem
856 3099 994 3171 afferret,
1004 3117 1045 3156 ne
1058 3098 1145 3156 ultra

193 3194 251 3251 sub
269 3194 392 3251 uexillis
412 3207 603 3265 tenerentur,
618 3195 673 3253 sed
689 3196 785 3254 isdem
800 3196 832 3254 in
847 3197 956 3254 castris
970 3188 1145 3274 praemium

194 3290 325 3363 pecuina
335 3290 517 3348 solveretur.
551 3293 604 3349 An
619 3293 789 3368 praetorias
799 3294 952 3363 cobortes,
962 3311 1042 3370 quae
1053 3291 1145 3349 binos

192 3383 336 3445 denarios
347 3387 533 3465 acceperint,
544 3407 623 3464 qnae
634 3400 704 3464 post
715 3389 852 3448 sedecim
867 3408 964 3448 annos
977 3388 1144 3469 penatibus
