2580 3944
387 113 589 162 Anxanum
610 114 720 162 umus
742 114 894 164 numus,
1117 102 1160 166 49

193 272 241 332 33.
283 269 407 333 Interea
421 272 606 332 Germanico
620 293 675 353 per
689 273 813 348 Gallias,
827 283 863 334 ut
877 273 1020 347 diximus,
1035 295 1104 336 cen-

152 388 204 430 sus
222 368 386 448 accipienti
405 368 570 429 excessisse
584 369 763 448 Augustum
785 370 925 430 affertur.
965 371 1102 451 Neptem

152 464 218 544 ejus
229 465 436 545 Agrippinam
450 465 481 524 in
496 465 693 526 matrimonio
707 467 872 546 pluresque
886 487 925 526 ex
939 487 975 526 ea
990 468 1101 529 liberos

152 563 299 635 habebat,
319 562 386 640 ipso
407 561 511 621 Druso
531 563 625 622 fratre
645 562 761 621 Tiberii
785 563 919 642 genitus,
941 565 1101 644 Augustae

151 678 256 738 nepos,
270 658 326 718 sed
340 658 450 718 anxius
462 658 591 718 occultis
612 659 643 716 in
665 678 697 718 se
719 659 823 736 patrui
845 659 992 740 aviaeque
1013 662 1100 731 odiis,
1137 678 1153 724 t

151 774 284 834 quorum
304 774 413 816 causac
435 755 575 828 acriores,
597 754 669 835 quia
688 755 820 834 iniquae.
863 756 985 836 Quippe
1006 757 1099 818 Drusi

149 869 263 931 magna
277 851 359 930 apud
373 850 522 930 populum
537 850 714 911 Romanum
735 852 890 924 memoria,
906 854 1100 913 credebatur-

97 1003 100 1008 .
150 947 254 1027 que,si
268 967 373 1007 rerum
386 947 505 1026 potitus
519 947 607 1019 foret,
618 947 793 1007 libertatem
808 949 1000 1024 redditurus;
1015 951 1098 1010 unde

149 1043 181 1103 in
193 1043 412 1104 Germanicum
423 1043 556 1104 faveret
567 1063 636 1122 spes
648 1044 766 1104 eadem.
792 1044 825 1103 N
827 1065 876 1104 am
886 1045 996 1125 juveni
1009 1047 1098 1107 civile

149 1139 317 1220 ingenium,
332 1141 411 1200 mira
425 1140 555 1200 comitas
576 1149 608 1198 et
625 1140 749 1200 diversa
767 1141 806 1199 ab
820 1140 936 1199 Tiberii
957 1162 1098 1213 sermone
1120 1158 1151 1203 10

148 1238 248 1311 vultu,
260 1237 476 1316 arrogantibus
490 1246 522 1295 et
536 1237 683 1296 obscuris.
717 1236 920 1296 Accedebant
933 1239 1097 1298 muliebres

148 1332 334 1394 offensiones
348 1333 561 1393 novercalibus
573 1332 678 1392 Liviae
693 1333 724 1392 in
736 1332 941 1413 Agrippinam
957 1334 1097 1404 stimulis,

148 1440 242 1510 atque
262 1430 329 1510 ipsa
349 1429 525 1509 Agrippina
545 1430 638 1508 paulo
659 1430 851 1503 commotior,
865 1430 924 1490 nisi
945 1431 1028 1510 quod
1049 1451 1111 1491 cas·

148 1527 239 1587 titate
253 1536 286 1587 et
300 1526 404 1586 mariti
423 1546 526 1587 amore
541 1526 681 1606 quamvis
700 1526 886 1587 indomitum
908 1528 1044 1586 animum
1065 1527 1097 1587 in

105 1684 109 1691 ,
147 1623 264 1683 bonum
285 1623 437 1683 vertebat.
1119 1639 1149 1684 15

202 1721 250 1780 34.
293 1720 357 1781 Sed
371 1720 572 1781 Germanicus
587 1730 703 1800 quanto
720 1740 857 1781 summae
878 1721 943 1801 spei
964 1721 1096 1801 propior,

146 1825 237 1877 tanto
251 1817 419 1897 impensius
433 1836 489 1895 pro
504 1816 628 1877 Tiberio
643 1817 710 1889 niti,
725 1837 818 1896 seque
838 1826 870 1877 et
887 1818 1043 1896 proximos
1064 1828 1096 1877 et

147 1913 315 1994 Belgarum
327 1915 469 1975 civitates
480 1913 512 1973 in
520 1915 616 1973 verba
626 1915 694 1994 ejus
706 1914 814 1991 adigit.
853 1913 976 1973 Dehinc
987 1914 1095 1974 audito

146 2011 305 2090 legionum
318 2010 464 2083 tumultu,
475 2011 589 2089 raptim
603 2010 759 2089 proiectus
774 2011 880 2070 obvias
895 2022 983 2071 extra
997 2023 1097 2071 castra

146 2108 264 2182 habuit,
293 2108 422 2189 dejectis
449 2107 481 2167 in
511 2118 626 2167 terram
654 2107 750 2166 oculis
777 2107 865 2166 velut
895 2107 1094 2186 paenitentia.
1132 2122 1148 2167 5

146 2204 317 2284 Postquam
331 2207 447 2265 vallum
465 2203 543 2275 iniit,
558 2203 674 2262 dissoni
688 2213 814 2282 questus
835 2203 935 2262 audiri
956 2223 1094 2281 coepere.

146 2300 189 2361 Et
203 2302 329 2383 quidam
343 2322 454 2382 prensa
469 2321 562 2360 manu
580 2300 646 2380 ejus
665 2319 722 2378 per
742 2299 875 2377 speciem
897 2299 1095 2359 exosculandi

145 2397 339 2458 inseruerunt
352 2399 478 2478 digitos,
492 2409 529 2458 ut
543 2417 640 2457 vacua
654 2395 799 2455 dentibus
815 2415 870 2454 ora
884 2395 1093 2474 contingeret:

146 2495 197 2555 alii
218 2505 347 2556 curvata
366 2495 453 2555 senio
472 2494 612 2554 'membra
631 2493 844 2554 ostendebant
886 2491 1095 2551 Assistentcm

145 2591 334 2663 concionem,
346 2592 417 2670 quia
431 2592 584 2669 permixta
597 2591 771 2663 videbatur,
783 2588 941 2649 discedere
956 2589 986 2646 in
1002 2589 1096 2647 mani·
1117 2604 1148 2650 10

144 2689 234 2767 pulos
254 2688 360 2767 jubet:
384 2688 428 2747 sic
448 2688 558 2746 melius
580 2688 740 2747 audituros
761 2704 959 2765 responsum:
980 2685 1095 2744 vexilla

142 2783 302 2862 praeferri,
317 2793 352 2842 ut
366 2784 399 2842 id
414 2785 522 2843 saltem
544 2783 733 2843 discerneret
752 2784 911 2843 cohortes:
933 2781 1022 2841 tarde
1043 2781 1095 2841 ob

143 2891 366 2959 temperavere.
406 2880 496 2940 Tunc
511 2899 529 2938 a
543 2881 741 2940 veneratione
755 2879 893 2959 Augusti
907 2898 992 2937 orsus
1006 2878 1094 2937 flexit

143 2977 183 3037 ad
201 2977 346 3037 victorias
366 2978 601 3056 triumphosque
616 2975 742 3048 Tiberii,
756 2975 929 3055 praecipuis
950 2974 1093 3034 laudibus

143 3075 301 3135 celebrans
326 3093 404 3152 quae
429 3073 512 3152 apud
535 3073 716 3132 Germanias
743 3072 803 3132 illis
827 3092 897 3131 cum
922 3069 1093 3149 legionibus
1115 3084 1145 3128 15

142 3169 350 3250 pulcherrirna
369 3169 502 3230 fecisset.
544 3168 653 3228 Italiae
675 3168 748 3227 inde
769 3187 962 3239 consensum,
981 3166 1094 3226 Gallia·

142 3287 209 3326 rum
224 3267 319 3326 fidem
337 3266 476 3340 extollit3
496 3266 540 3325 nil
561 3285 689 3346 usquam
713 3263 871 3324 turbidum
893 3273 947 3323 arrt
967 3263 1093 3322 discors.

144 3363 275 3424 Silentio
290 3364 367 3423 haeo
380 3364 430 3423 vel
446 3382 601 3423 murmure
616 3361 738 3422 modico
752 3361 859 3420 audita
873 3370 954 3420 suut.

620 3465 635 3512 8
