2580 3944
143 137 187 202 56
438 153 635 203 nxcnurra
655 150 870 202 nomana,

144 330 173 373 15
197 312 370 390 Caligulam
385 311 534 390 appellari
547 311 635 371 velit.
675 310 835 371 Potiorem
855 311 921 390 jam
937 309 1021 389 apud
1033 310 1153 370 exerei-

197 423 249 471 tus
258 408 464 488 Agrippinam
475 427 569 488 quam
578 409 708 487 legatos,
717 429 809 486 quam
820 408 1151 486 duoes300mpressam

197 527 216 566 a
228 506 360 566 muliere
370 506 568 577 seditionem,
578 505 628 565 eui
638 526 753 565 nomen
764 505 911 584 principis
921 505 1071 565 obsistere
1085 526 1151 565 non

196 603 341 684 quiverit.
382 602 587 661 Aeoendebat
606 603 683 661 liaeo
704 602 915 680 onerabatque
936 601 1078 681 Sejanus,
1097 621 1152 681 pe-

196 700 268 760 ritia
277 719 400 759 morum
411 697 530 757 Tiberii
543 698 616 758 odie
628 699 662 758 in
675 699 804 778 longum
813 698 943 778 jaciens,
954 717 1032 777 quae
1043 718 1152 759 reoou·

141 811 174 857 2⁰
195 797 283 856 deret
297 808 449 874 auctaque
464 806 631 872 promeret.

237 895 286 954 70.
325 894 373 953 At
385 891 589 952 Germanicus
602 892 771 972 legionum,
782 911 858 972 quas
868 891 1000 952 neribus
1009 902 1151 966 vexerat,

195 990 364 1050 seeundum
392 999 426 1049 et
449 1001 591 1068 quartam
615 989 777 1048 decumam
805 989 916 1048 itinere
944 988 1086 1049 terrestri
1109 989 1151 1049 P.

195 1085 327 1146 Vitellio
339 1087 497 1146 ducendas
510 1084 619 1156 tradit,
631 1105 692 1164 quo
705 1085 806 1144 levior
819 1085 924 1144 elassis
938 1085 1055 1144 vadoso
1069 1084 1152 1144 mari

195 1184 320 1243 innaret
339 1183 392 1244 vel
411 1183 570 1262 reoiprooo
590 1181 717 1242 sideret.
758 1181 907 1242 Vitellius
926 1182 1062 1260 primum
1087 1181 1153 1241 iter

141 1295 157 1338 o
196 1280 278 1340 siooa
287 1281 383 1340 humo
397 1289 452 1340 aut
464 1279 587 1340 modice
601 1277 757 1339 allabeute
771 1291 860 1338 aestu
870 1279 1010 1358 quietum
1020 1278 1151 1339 habuit:

194 1396 269 1435 mox
289 1376 424 1455 impulsu
445 1375 607 1456 aquilonis,
627 1374 720 1434 simul
743 1375 846 1434 sidere
866 1374 1065 1454 aequinoctii,
1085 1395 1150 1455 quo

194 1473 329 1533 maxime
343 1473 489 1533 tumescit
504 1473 656 1544 Ooeanus,
666 1471 735 1550 rapi
750 1471 861 1550 agique
876 1491 998 1551 agmen.
1039 1470 1083 1531 Et
1096 1492 1152 1552 op-

194 1569 361 1648 plebantur
387 1582 508 1629 terrae:
534 1570 644 1629 eadem
669 1569 760 1641 freto,
784 1567 879 1639 litori,
903 1569 1020 1647 eampis
1040 1568 1151 1643 facies,

195 1685 296 1744 neque
310 1665 442 1725 discerni
456 1676 602 1744 poterant
614 1665 733 1725 ineerta
747 1665 787 1724 ab
800 1663 918 1737 solidis,
928 1663 1036 1724 brevia
1048 1682 1068 1723 a
1080 1685 1153 1744 pro-

140 1776 173 1822 10
193 1762 309 1822 fundis.
351 1762 541 1822 Sternuntur
561 1763 717 1836 fluetibus,
737 1762 924 1822 hauriuntur
950 1761 1152 1841 gurgitibus3

194 1861 346 1939 jumenta,
360 1859 507 1932 sarcinae,
522 1880 653 1939 eorpora
673 1860 817 1920 exanima
836 1859 1030 1933 interfluunt,
1043 1878 1151 1919 ooeur-

194 1968 286 2029 sant3
311 1955 538 2034 permiscentur
560 1956 644 2017 inter
667 1977 700 2017 se
724 1957 883 2036 manipuli,
903 1958 998 2017 modo
1020 1967 1152 2036 pectore

193 2052 288 2111 modo
312 2071 366 2112 ore
393 2064 485 2113 tenus
508 2064 676 2127 exstantes,
698 2054 866 2134 uliquando
893 2056 1053 2115 subtracto
1080 2056 1152 2115 solo

194 2148 318 2228 disjecti
332 2160 387 2209 aut
401 2149 514 2210 obmti
555 2149 629 2210 Non
643 2170 706 2211 vox
723 2161 756 2211 et
774 2152 877 2211 mutui
898 2152 1040 2212 hortatus
1057 2153 1152 2232 juva-

140 2261 172 2305 15
194 2245 270 2305 bant
279 2246 466 2306 adversante
478 2247 579 2320 unda;
592 2247 669 2307 nihii
680 2258 825 2309 strenuus
835 2248 875 2308 ab
889 2249 1013 2328 ignavo,
1023 2249 1152 2328 sapiens

194 2342 233 2401 ab
256 2342 455 2422 imprudenti,
480 2345 608 2404 oonsilio
630 2364 650 2405 a
673 2365 747 2406 casn
770 2346 916 2406 differre:
943 2357 1057 2407 cuneta
1078 2347 1153 2423 pari

193 2439 344 2500 violentia
370 2440 621 2502 involvebantur.
661 2443 804 2503 Tandem
828 2443 977 2503 Vitellius
1000 2442 1033 2502 in
1057 2442 1153 2503 editi-

195 2556 251 2596 ora
263 2537 366 2598 enisus
381 2538 491 2598 eodem
506 2559 617 2618 agmen
633 2541 791 2599 subduxit.
832 2540 1063 2600 Pemoetavere
1078 2539 1151 2601 m‘ne

194 2633 388 2705 utensilibus,
407 2635 474 2694 sine
497 2634 573 2714 igni,
593 2655 709 2713 magna
733 2656 804 2715 pars
825 2636 911 2695 nudo
932 2646 987 2695 aut
1007 2635 1152 2697 muleato

139 2744 172 2789 eo
193 2749 331 2808 oorpore,
346 2731 429 2790 haud
443 2731 546 2791 minus
567 2731 755 2791 miserabiles
769 2753 863 2811 quam
876 2752 954 2816 (pos
973 2732 1072 2792 hostis
1091 2731 1167 2793 oir-

193 2827 365 2887 cumsidet:
385 2827 500 2907 quippe
520 2828 583 2888 illie
602 2827 698 2888 etiam
717 2830 865 2889 honestae
880 2829 988 2890 mortis
1000 2848 1084 2900 usus,
1096 2829 1153 2890 hia

193 2923 361 3002 inglorium
375 2925 516 2984 exitium
556 2923 625 2985 Lux
642 2925 781 2985 reddidit
800 2936 923 2998 terram,
936 2936 1153 3005 penetratam-

122 3020 125 3025 ’
193 3039 253 3100 que
275 3020 316 3080 ad
338 3041 462 3081 amnem
476 3023 676 3100 †Uusingim,
689 3041 751 3098 quo
767 3022 882 3083 Caesar
901 3024 998 3083 classe
1018 3033 1153 3085 oontem-

195 3117 294 3176 derat.
325 3118 495 3197 Impositae
508 3118 582 3177 dein
604 3119 750 3197 legiones,
764 3131 899 3200 vagante
911 3119 997 3180 fama
1008 3119 1153 3183 submer-

138 3227 171 3273 25
192 3232 259 3287 sus3
275 3234 333 3275 neo
344 3214 421 3274 tides
431 3214 548 3289 salutis,
559 3226 726 3296 antequam
737 3215 901 3277 Caesarem
911 3216 1152 3300 exercitumque

192 3311 339 3372 reduoem
360 3311 478 3372 ridere.
