2580 3944
384 120 586 169 assumar
607 120 718 168 amna
741 120 908 169 rannus.
1107 106 1148 172 67

144 278 226 339 inter
240 299 284 354 se,
298 279 463 339 silentione
482 299 522 339 an
537 299 614 339 voce
629 279 733 358 aliqua
747 279 961 359 egredientem
976 277 1096 359 excipe·

143 387 224 436 rent.
265 376 378 456 Neque
396 377 473 436 satis
488 377 652 436 constabat
666 376 742 455 quid
763 396 819 456 pro
842 388 982 456 tempore
1004 377 1096 451 leret,
1119 392 1148 437 la

143 492 214 531 cum
234 473 341 532 elassis
361 473 511 551 paulatim
534 473 691 544 successit,
712 493 774 531 non
798 474 901 545 alacri,
916 484 951 533 ut
974 475 1095 548 assolet,

143 570 284 647 remigio,
293 570 348 628 sed
357 570 477 629 eunetis
488 570 526 628 ad
537 569 699 629 tristitiam
709 571 897 648 compositis.
924 570 1095 650 Postquam

143 665 265 724 duobus
279 685 350 725 cum
363 667 478 739 liberis,
489 667 615 725 feralem
631 687 740 726 urnam
755 679 876 738 teneus,
889 686 1011 745 egressa
1023 668 1095 727 navi

143 761 254 821 defixit
274 763 389 836 oculos,
411 763 496 821 idem
517 764 656 821 omnium
681 763 833 842 gemitus3
862 782 962 842 neque
984 763 1097 823 discer-

143 877 234 917 neres
244 859 402 938 proximos
417 859 543 932 alienos,
556 860 693 919 virorum
706 860 932 919 feminarumve
944 860 1095 938 planctus,
1118 876 1149 922 20

145 955 206 1015 nisi
217 957 301 1036 quod
314 956 497 1015 comitatum
510 956 703 1035 Agrippinae
720 958 812 1035 longo
827 976 965 1016 maerore
980 956 1096 1018 fessum

143 1053 230 1114 obvii
243 1064 275 1113 et
289 1064 429 1112 recentes
445 1052 476 1111 in
493 1053 600 1112 dolore
617 1053 789 1112 anteibant.

184 1153 211 1210 2.
245 1150 376 1211 Miserat
397 1150 474 1209 duas
496 1150 667 1228 praetorias
689 1150 832 1209 cohortes
849 1150 969 1224 Caesar,
985 1150 1094 1211 addito

143 1257 180 1307 ut
190 1248 389 1327 magistratus
401 1245 561 1306 Calabriae
574 1246 732 1325 Apulique
748 1260 780 1305 et
791 1247 941 1324 Campani
952 1265 1096 1326 suprema

143 1363 218 1422 erga
237 1341 416 1402 memoriam
436 1341 494 1400 filii
515 1341 563 1402 sui
585 1361 714 1401 munera
735 1342 951 1420 fungerentur.
993 1343 1095 1422 Igitur

143 1441 339 1502 tribunorum
353 1439 632 1518 centurionumque
647 1439 784 1498 humeris
800 1439 918 1499 eineres
933 1441 1096 1518 portaban-

143 1546 211 1612 tur;
231 1536 461 1617 praecedebant
476 1535 634 1615 incompta
649 1537 747 1616 signa,
762 1536 844 1595 versi
864 1536 980 1610 lasces3
1001 1547 1094 1616 atquo
1133 1552 1149 1597 a

143 1634 198 1693 ubi
217 1633 354 1694 colonias
379 1633 681 1712 transgrederentur,
704 1644 805 1693 atrata
825 1634 940 1714 plebes,
962 1633 1095 1693 trabeati

143 1732 271 1811 equites,
283 1753 340 1813 pro
355 1733 466 1813 opibus
480 1733 550 1806 loci,
562 1744 681 1792 vestem
694 1733 804 1791 odores
817 1732 935 1811 aliaque
950 1732 1095 1792 funerum

143 1829 305 1890 sollemnia
328 1831 518 1890 cremabant.
560 1829 666 1888 Etiam
681 1849 810 1909 quorum
827 1828 950 1887 diversa
969 1829 1095 1908 oppidu,

142 1935 247 1987 tamen
258 1927 346 1987 obvii
358 1939 390 1989 et
401 1928 546 1988 victimas
558 1937 650 2007 atque
662 1946 729 1986 aras
744 1925 791 1985 dis
806 1926 946 1984 manibus
961 1936 1096 1986 statuen-

142 2033 199 2097 tes,
214 2024 349 2085 lacrimis
367 2036 400 2085 et
415 2024 714 2085 conclamationibus
731 2023 869 2081 dolorem
892 2022 1096 2081 testabantur.
1119 2037 1148 2081 10

143 2119 263 2183 Drusus
280 2122 480 2182 Tarracinam
497 2141 677 2200 progressus
695 2131 741 2179 est
762 2139 832 2178 cum
849 2118 979 2177 Claudio
1000 2119 1094 2177 lintre

143 2217 309 2299 liberisque
332 2219 519 2293 Germanioi,
542 2219 594 2298 qui
619 2218 651 2277 in
673 2216 749 2276 urbe
770 2215 903 2274 fuerant.
946 2214 1095 2274 Consules

144 2314 190 2374 M.
211 2315 357 2376 Valerius
380 2327 412 2377 et
433 2315 479 2376 M.
500 2315 648 2375 Aurelius
673 2315 750 2393 (jam
775 2311 858 2370 enim
879 2310 1094 2388 magistratum

143 2415 342 2491 occeperant)
360 2423 391 2473 et
406 2422 531 2473 senatus
547 2431 582 2471 ac
596 2430 709 2490 magna
723 2427 793 2488 pars
808 2407 914 2487 populi
930 2406 1011 2465 viam
1027 2426 1095 2465 eon-

144 2507 279 2586 plevere,
302 2509 428 2589 disjecti
450 2519 482 2569 et
504 2518 539 2568 ut
559 2508 670 2587 cuique
692 2505 816 2565 libitum
837 2503 968 2575 flentes3
989 2502 1096 2564 uberat
1119 2519 1148 2564 lo

144 2605 259 2684 quippe
282 2606 430 2679 adulatio,
451 2605 556 2685 guaris
577 2604 720 2663 omnibus
741 2604 855 2662 laetam
876 2599 1001 2658 Tiberio
1023 2599 1096 2659 Ger-

143 2701 257 2762 manici
271 2712 405 2762 mortem
420 2704 499 2761 male
515 2700 711 2761 dissimulari.

185 2798 214 2855 3.
248 2796 392 2857 Tiberius
414 2807 506 2877 atque
528 2797 673 2876 Augusta
694 2796 818 2874 publico
847 2793 1032 2866 abstinuere,
1053 2792 1097 2852 in-

144 2892 240 2952 ferius
256 2893 417 2972 majestate
433 2914 488 2953 sua
502 2893 570 2966 rati,
583 2893 607 2952 si
623 2894 724 2971 palam
740 2894 994 2963 lamentarentur,
1006 2910 1044 2949 an
1057 2910 1095 2949 ue

144 2989 284 3048 omnium
299 2991 396 3050 oeulis
410 2992 531 3049 vultum
549 3008 655 3047 eorum
677 2989 888 3048 scrutantibus
909 2988 978 3048 falsi
999 2986 1110 3047 intelli·

144 3094 303 3163 gerentur.
331 3084 467 3146 Matrem
478 3085 648 3145 Antoniam
661 3105 722 3144 uon
736 3085 817 3162 apud
831 3096 972 3144 auctores
984 3103 1095 3156 rerum,

146 3201 208 3240 non
221 3181 332 3240 diurna
344 3194 483 3242 aetorum
498 3181 651 3259 scriptura
662 3181 783 3259 reperio
795 3182 858 3240 ullo
870 3181 984 3259 insigni
996 3180 1095 3240 officio
1134 3193 1149 3237 a

146 3276 297 3349 functam,
313 3299 383 3338 eum
404 3297 496 3356 super
516 3276 724 3357 Agrippinam
747 3287 779 3336 et
794 3276 931 3336 Drusum
953 3287 986 3336 et
1007 3275 1096 3337 Clau-

148 3373 235 3433 dium
250 3374 346 3434 ceteri
360 3394 483 3456 quoque
499 3372 722 3455 consanguinei
736 3372 920 3434 nominatim
930 3369 1096 3452 perscripti
