2580 3944
138 157 180 222 86
420 172 616 221 monam
638 171 855 222 racmmna.

190 331 312 391 brarum
331 330 472 408 plurimis
493 331 633 391 ludibriis
648 341 805 405 vexatum,
818 332 1013 411 dispensator
1026 332 1145 412 Argius

191 448 208 488 c
248 430 398 503 prioribus
435 427 530 488 servis
552 429 660 488 humili
688 431 846 507 sepultura
867 429 899 489 iu
920 431 1049 508 privatis
1078 432 1145 509 ejus

192 525 289 584 hortis
304 525 450 584 contexit.
493 524 605 602 Caput,
620 546 675 604 per
696 526 773 586 lixas
794 527 977 606 calonesque
998 528 1144 587 suffixum

138 637 154 681 a
191 623 429 700 laceratumque,
442 634 514 680 ante
526 620 667 682 Patrobii
681 625 835 682 tumulum
852 624 995 701 (libertus
1009 623 1035 682 is
1046 624 1144 684 Nero-

192 719 240 779 nis
254 720 380 798 punitus
394 738 412 776 a
426 717 524 777 Galba
545 718 660 794 iuerat)
678 730 803 797 postera
824 720 950 778 demum
971 720 1022 780 die
1043 740 1145 797 reper-

192 827 268 889 tum,
290 826 322 876 et
350 828 485 875 cremato
508 815 576 893 jam
604 816 724 893 corpori
749 816 923 875 admixtum
951 826 1007 876 est.
1048 816 1145 876 Hunc

192 915 311 973 exitum
338 913 446 972 habuit
475 912 600 971 Servius
627 912 736 984 Galba,
758 913 857 971 tribus
885 923 917 972 et
945 914 1145 992 septuaginta

194 1011 280 1069 annis
302 1010 435 1089 quinque
457 1008 610 1088 principes
631 1027 778 1087 prospera
797 1008 925 1068 fortuna
946 1028 1096 1081 emensus,
1111 1020 1144 1068 et

103 1123 105 1128 ·
140 1123 170 1167 10
192 1108 291 1166 alieno
320 1106 448 1184 imperio
472 1106 592 1165 felicior
616 1124 708 1184 quam
734 1124 799 1164 suo.
841 1105 943 1165 Vetus
966 1105 998 1164 in
1025 1105 1145 1164 familia

192 1204 346 1275 nobilitas,
360 1223 490 1282 magnae
513 1222 603 1281 opes:
624 1202 681 1280 ipsi
703 1202 840 1260 medium
861 1201 1029 1281 ingenium,
1043 1203 1144 1280 magis

193 1312 280 1361 extra
295 1301 370 1360 vitia
385 1320 476 1379 quam
492 1319 563 1359 cum
578 1299 753 1359 virtutibus.
796 1301 911 1358 Famae
932 1318 989 1358 nec
1010 1298 1144 1359 incurio-

193 1419 244 1459 sus
266 1419 323 1457 nec
346 1397 543 1471 venditator3
571 1395 718 1475 pecuniae
748 1395 866 1455 alienae
894 1415 956 1455 non
985 1406 1144 1473 appetens,

194 1516 266 1555 suae
281 1514 397 1573 parcus,
411 1495 551 1573 publicae
566 1513 692 1561 avarus;
710 1492 878 1552 amicorum
892 1492 1144 1571 libertorumque,

140 1607 172 1653 15
194 1591 246 1650 ubi
268 1592 297 1650 in
319 1591 417 1650 bonos
439 1590 604 1663 incidisset,
627 1590 693 1650 sine
714 1589 951 1668 reprehensione
972 1589 1103 1667 patiens,
1118 1590 1144 1649 si

194 1687 267 1746 mali
291 1687 402 1760 forent,
425 1707 520 1766 usque
545 1687 584 1746 ad
609 1687 730 1766 culpam
755 1687 891 1765 ignarus.
934 1685 997 1745 Sed
1020 1686 1145 1746 claritas

194 1784 343 1844 natalium
358 1792 390 1842 et
405 1794 505 1842 nictus
520 1796 695 1862 temporum
706 1783 858 1856 obtentui,
868 1793 903 1842 ut
913 1781 996 1861 quod
1011 1783 1146 1861 segnitia

194 1892 268 1952 erat,
282 1880 432 1958 sapientia
446 1889 616 1939 vocaretur.
659 1880 743 1938 Dum
759 1879 884 1959 vigebat
905 1889 998 1953 aetas,
1014 1879 1145 1939 militari

194 1978 285 2036 laude
307 1978 388 2055 apud
411 1977 590 2036 Gerrnarrias
611 1977 724 2037 floruit.
766 1976 830 2036 Pro
854 1978 980 2036 consule
1000 1976 1146 2036 Africani

140 2089 172 2134 20
193 2073 360 2145 moderate,
380 2074 446 2152 jam
466 2073 569 2132 senior
589 2074 763 2133 citeriorem
784 2073 967 2152 Hispaniam
988 2074 1054 2152 pari
1081 2076 1149 2156 jus·

194 2170 264 2229 titia
285 2170 446 2243 continuit,
462 2170 559 2247 major
572 2170 695 2248 privato
710 2171 801 2245 visus,
817 2171 893 2230 dum
914 2172 1052 2251 privatus
1072 2174 1147 2252 fuir,

193 2276 226 2326 et
240 2267 377 2326 omnium
392 2286 542 2326 consensu
557 2286 653 2345 capax
669 2267 797 2346 imperii,
812 2268 871 2328 nisi
886 2269 1075 2348 imperasset.

234 2365 280 2423 50.
315 2363 481 2441 Trepidam
498 2364 613 2436 urbem,
628 2382 664 2424 ac
683 2365 775 2423 simul
794 2366 989 2427 atrocitatem
1009 2370 1148 2432 recentis

193 2460 324 2527 sceleris,
339 2460 428 2518 sirnul
445 2458 565 2519 veteres
580 2461 712 2521 Othonis
732 2482 832 2522 mores
852 2475 1028 2543 paventem,
1044 2486 1149 2528 novus

192 2557 317 2635 insuper
332 2558 370 2615 de
385 2557 515 2617 Vitellio
530 2559 656 2618 nuntius
672 2560 831 2633 exterruit,
844 2571 916 2620 ante
932 2561 1058 2622 caedem
1074 2562 1149 2624 Gal·

192 2654 250 2714 bae
272 2673 458 2732 suppressus,
473 2663 507 2713 ut
528 2664 651 2714 tantum
673 2656 835 2734 superioris
856 2658 1040 2718 Germaniae
1060 2679 1150 2721 exer·

193 2750 289 2809 citum
304 2750 467 2808 descivisse
483 2752 668 2812 crederetur.
712 2754 793 2812 Turn
809 2755 897 2828 duos,
913 2735 1051 2815 onmium
1066 2777 1150 2818 ruor-

192 2846 301 2905 talium
321 2847 521 2925 impudicitia,
546 2849 679 2927 ignaria,
703 2850 825 2910 luxuria
846 2851 1039 2925 deterrimos,
1056 2854 1149 2915 velut

193 2944 232 3002 ad
249 2944 438 3021 perdendum
454 2945 615 3024 imperium
637 2947 775 3008 fataliter
796 2949 919 3023 electos,
934 2969 996 3009 non
1017 2961 1149 3012 senatus

193 3041 286 3100 modo
301 3050 333 3100 ct
347 3061 448 3120 eques,
460 3044 527 3121 quis
540 3045 641 3123 aliqua
652 3064 723 3123 pars
738 3057 769 3103 et
784 3065 856 3104 cura
870 3045 914 3103 rei
928 3045 1078 3124 publicae,
1089 3048 1150 3108 sed

193 3137 305 3216 vulgus
320 3159 441 3217 quoque
457 3141 558 3218 palam
574 3160 718 3200 maerere.
759 3141 828 3201 Nec
844 3142 912 3219 jam
929 3143 1069 3202 recentia
1082 3162 1151 3204 sae-

141 3248 171 3293 10
193 3253 248 3292 vae
276 3235 360 3312 pacis
388 3237 538 3314 exempla,
566 3237 620 3295 sed
654 3237 787 3316 repetita
821 3237 972 3297 bellorum
1006 3237 1151 3301 civilium

193 3332 349 3405 memoria,
364 3341 485 3410 captam
501 3333 615 3391 totiens
635 3334 697 3392 suis
714 3334 900 3393 exercitibus
921 3333 1040 3407 urbem,
1054 3337 1153 3398 vasti-

194 3437 291 3487 tatcur
320 3427 439 3503 Italiae,
463 3429 653 3506 direptiones
680 3430 916 3509 provinciarum,
942 3431 1151 3511 Pharsaliam,
