2580 3944
369 121 572 173 maumas
591 121 704 170 mssa
726 122 929 170 secururs.
1106 109 1148 170 63

142 287 257 348 simum
270 303 308 345 ac
321 281 387 343 sine
400 281 492 342 terris
505 298 600 340 mare.
637 278 715 340 Pars
729 279 856 339 narium
871 281 999 340 haustae
1013 292 1096 354 sunt,
1132 296 1147 341 t

75 443 78 448 .
142 385 248 464 plures
258 379 344 461 apud
352 378 469 439 insulas
478 377 602 455 longius
611 375 687 435 sitas
697 378 832 455 ejectae3
847 377 997 456 milesque
1008 378 1094 437 nullo

142 480 208 540 illic
219 477 378 538 hominum
394 475 481 534 cultu
494 474 577 531 fame
593 475 785 550 absumptus,
800 473 858 532 nisi
874 494 951 552 quos
965 494 1095 552 corpora

142 595 296 656 equorum
318 573 429 633 eodem
456 571 533 630 elisa
559 570 779 629 toleraverant.
823 569 896 629 Sola
917 570 1094 631 Germanici

141 671 279 734 triremis
292 669 488 730 Chaucorum
508 677 624 726 terram
638 666 778 744 appulit,
799 687 890 745 quem
911 687 967 746 per
987 688 1094 728 omnes

142 770 213 829 illos
228 767 295 827 dies
308 780 476 844 noctesque
490 763 574 842 apud
588 764 732 841 scopulos
747 775 779 822 et
792 764 997 842 prominentis
1017 785 1096 839 oms,
1118 783 1147 826 10

142 886 215 926 cum
224 884 258 925 se
272 862 352 924 tanti
366 861 455 922 exitii
468 879 557 919 reum
568 859 752 933 clamitaret,
763 861 816 918 vix
828 860 992 919 cohibuere
1004 862 1095 921 amici

142 982 206 1042 quo
219 960 321 1019 miuus
334 959 445 1018 eodem
459 955 538 1015 mari
551 967 724 1036 oppeteret.
767 956 918 1030 Tandem,
933 958 1093 1018 relabente

142 1068 232 1117 aestu
245 1066 278 1116 et
291 1056 481 1116 secundante
496 1066 599 1125 vento,
614 1055 742 1113 claudae
759 1074 856 1115 naves
874 1076 945 1115 raro
962 1056 1093 1135 remigio

142 1164 198 1214 aut
210 1151 339 1213 intentis
350 1152 499 1224 vestibus,
509 1160 543 1210 et
556 1150 710 1230 quaedam
721 1170 739 1209 a
749 1152 951 1211 validioribus
966 1163 1093 1226 tractae,

141 1259 317 1323 revertere3
337 1269 412 1329 quas
432 1247 547 1326 raptim
566 1247 701 1307 reiectas
721 1248 807 1308 misit
827 1260 863 1307 ut
882 1260 1096 1309 scrutarentur
1116 1264 1146 1311 15

141 1347 266 1406 insulas.
308 1345 440 1406 Collecti
457 1364 495 1405 ea
511 1365 585 1405 cura
605 1347 762 1426 plerique:
783 1347 898 1405 multos
911 1347 1093 1425 Angrivarii

141 1461 242 1522 nuper
254 1441 288 1501 in
300 1442 395 1503 fidem
410 1442 531 1522 accepti
544 1443 723 1521 redemptos
734 1443 773 1501 ab
787 1442 983 1502 interioribus
995 1445 1095 1504 reddi·

141 1541 236 1614 dere3
257 1541 382 1620 quidam
402 1541 434 1600 in
449 1541 647 1603 Britanniam
660 1546 742 1623 rapti
756 1555 789 1605 et
803 1545 919 1604 remissi
935 1564 954 1603 a
967 1544 1091 1623 regulis.

142 1636 191 1698 Ut
211 1637 279 1717 quis
298 1657 338 1697 ex
358 1638 529 1718 longinquo
551 1651 725 1714 revenerat,
747 1642 896 1701 miracula
916 1641 1093 1713 narrabant,

140 1734 205 1794 vim
230 1734 390 1795 turbinum
415 1745 447 1795 et
471 1736 628 1796 inauditas
653 1740 802 1811 volucres,
827 1749 967 1798 monstra
989 1738 1093 1810 maris,
1114 1752 1146 1797 20

143 1834 302 1916 ambiguas
321 1838 482 1898 hominum
504 1846 537 1897 et
557 1836 720 1896 beluarum
740 1836 864 1910 formas,
880 1836 947 1895 visa
966 1834 1033 1894 sivc
1053 1855 1092 1894 ex

141 1945 229 1995 metu
249 1936 379 1997 credita.

183 2032 230 2092 59.
264 2033 310 2094 M.
333 2034 438 2095 Silano
458 2033 494 2093 L.
516 2033 666 2093 Norbano
688 2033 874 2104 consulibus,
891 2029 1093 2090 Germanicus

141 2130 323 2210 Aegyptum
334 2130 785 2211 proficisciturcognoscendao
794 2127 999 2206 antiquitatis.
1029 2126 1092 2186 Sed

142 2245 217 2285 cura
230 2227 409 2306 provinciae
424 2228 697 2306 praetendebatur,
709 2226 886 2303 levavitque
899 2225 1013 2308 apertis
1024 2225 1093 2282 hor-

141 2321 203 2382 reis
227 2323 328 2404 pretia
349 2325 486 2403 frugum,
510 2325 668 2402 multaque
696 2323 728 2381 in
754 2323 867 2399 vulgus
894 2333 985 2399 grata
1009 2340 1093 2379 usur·

142 2419 247 2498 pavit:
275 2421 342 2480 sine
366 2421 466 2480 milite
491 2420 645 2492 incedere,
667 2419 800 2498 pedibus
825 2418 950 2476 intectis
972 2426 1004 2476 et
1025 2416 1094 2495 pari
1130 2429 1145 2475 c

142 2536 213 2575 cum
234 2517 360 2576 Graecis
381 2517 506 2590 amictu,
529 2516 566 2576 P.
590 2516 742 2595 Scipionis
764 2514 980 2585 aemulatione,
1000 2533 1092 2591 quem

143 2613 262 2678 eadem,
275 2613 467 2672 factitavisse
493 2613 577 2691 apud
603 2612 752 2684 Siciliam,
774 2611 915 2690 quamvis
940 2611 1091 2688 flagrante
1209 2686 1218 2695 ·

142 2710 244 2770 adhuc
269 2709 446 2770 Poenorum
474 2710 566 2782 bello,
595 2709 780 2788 accepimus.
823 2707 976 2780 Tiberius,
1005 2708 1093 2767 cultu
1146 2779 1154 2796 ⁹

142 2806 312 2884 habituque
333 2809 401 2886 ejus
422 2806 543 2864 lenibus
564 2806 667 2864 verbis
688 2805 864 2884 perstricto,
879 2804 1028 2863 acerrime
1050 2806 1094 2863 in-

143 2903 264 2981 crepuit
292 2904 376 2980 quod
404 2912 514 2961 contra
541 2901 685 2960 instituta
712 2901 851 2980 Augusti
882 2921 943 2960 non
979 2912 1145 2980 spontem

142 2998 292 3078 principis
303 2999 527 3056 Alexandriam
542 2997 709 3056 introisset.
738 2997 822 3056 Nam
834 2998 996 3075 Augustus
1011 2998 1093 3058 inter

144 3094 204 3153 alia
224 3094 446 3154 dominationis
467 3113 588 3165 arcana,
603 3093 711 3152 vetitis
728 3094 788 3153 nisi
804 3095 955 3172 permissu
970 3094 1093 3172 ingredi

143 3190 338 3250 senatoribus
353 3200 407 3250 aut
422 3190 579 3268 equitibus
594 3188 744 3248 Romanis
758 3190 940 3263 illustribus,
955 3189 1094 3268 seposuit

143 3287 336 3367 Aegyptum,
346 3307 386 3345 ne
400 3285 483 3345 farne
494 3295 642 3365 urgueret
656 3284 780 3344 Italiam
791 3285 929 3365 quisquis
943 3305 1011 3344 eam
1025 3303 1095 3363 pro·

143 3383 279 3444 vinciam
289 3383 482 3462 claustraque
495 3392 597 3444 terrae
612 3401 648 3441 ac
662 3381 765 3453 maris,
777 3381 919 3460 quamvis
932 3380 995 3440 levi
1009 3399 1095 3460 prae·
1115 3395 1146 3442 lc

144 3479 234 3554 sidio,
249 3480 414 3539 adversum
426 3479 570 3560 ingentes
584 3477 740 3538 exercitus
752 3476 925 3536 insedisset.
