2580 3944
308 126 569 177 nrsrosruauu
591 126 701 175 maur
721 127 925 178 suesanus.
1057 113 1121 180 109

172 287 220 346 93.
250 285 312 346 Sed
326 284 424 359 miles,
438 284 538 364 plenis
552 285 661 345 castris
675 294 707 345 et
721 286 915 346 redundante
930 288 1068 348 multitu-

117 381 201 455 dine,
213 381 245 441 in
259 381 429 461 porticibus
444 390 497 441 aut
512 381 648 441 delubris
662 394 695 442 et
710 383 785 442 urbe
800 394 868 443 tota
883 403 989 463 vagus,
1004 406 1067 446 non

117 477 270 558 principia
293 497 430 551 noscere,
452 497 516 537 non
538 496 662 539 servare
683 478 813 558 vigilias,
837 500 937 560 neque
963 481 1067 542 labore

116 574 250 634 firmari:
272 594 327 654 per
348 574 508 634 illecebras
522 575 605 634 urbis
620 585 653 634 et
667 574 831 635 inhonesta
846 576 942 651 dictu,
956 599 1067 658 corpus

116 671 191 745 otio,
207 671 345 731 animum
359 670 539 731 libidinibus
558 670 795 733 imminuebant.
837 672 1017 749 Postremo,
1027 696 1066 735 ne
1103 691 1119 737 t

114 768 224 829 salutis
244 768 370 848 quidem
394 787 478 842 cura,
502 767 667 828 infamibus
688 768 835 829 Vaticani
858 770 934 832 loeis
954 792 1067 852 magna

115 885 186 944 pars
203 864 348 938 tetendit,
363 864 446 924 unde
460 864 585 924 crebrae
599 864 631 924 in
647 865 760 944 vulgus
774 878 908 943 mortcs3
929 878 961 928 et
982 871 1066 950 adja-

115 974 204 1021 ceute
214 961 566 1034 Tiberi,Germanorum
575 961 798 1043 Gallorumque
808 964 942 1025 obnoxia
951 966 1064 1028 morbis

115 1077 245 1136 corpora
254 1057 390 1118 fluminis
400 1057 535 1117 aviditas
546 1069 578 1117 et
589 1068 693 1119 aestus
703 1059 899 1139 impatientia
909 1062 1064 1123 labefecit.

114 1154 246 1234 Insuper
266 1155 413 1215 confusus
434 1155 591 1233 pravitate
605 1156 657 1215 vel
677 1157 798 1217 ambitu
818 1159 897 1219 ordo
918 1159 1065 1220 militiae:
1087 1175 1118 1221 10

114 1252 248 1312 sedecim
262 1251 446 1331 praetoriae,
460 1261 612 1330 quattuor
634 1253 769 1313 urbanae
790 1255 933 1316 cohortes
953 1256 1065 1316 scribe-

114 1349 236 1422 bantur,
251 1347 320 1428 quis
334 1346 456 1426 singula
470 1347 556 1407 milia
569 1347 715 1411 inessent.
758 1349 834 1410 Plus
849 1350 881 1410 iu
896 1371 933 1412 eo
948 1353 1064 1415 dilectu

114 1445 232 1504 Valens
259 1444 403 1517 audebat,
426 1453 576 1523 tauquam
602 1444 706 1525 ipsum
734 1445 900 1506 Caecinam
927 1447 1063 1527 periculo

113 1542 296 1602 exemisset:
316 1560 391 1600 sane
411 1540 549 1602 adventu
571 1543 640 1622 ejus
660 1552 764 1621 partes
785 1544 1017 1618 convaluerant,
1032 1555 1064 1607 et

113 1638 272 1699 sinistrum
293 1638 371 1698 lenti
391 1637 512 1698 itineris
533 1659 689 1699 rumorem
703 1659 851 1720 prospero
866 1641 984 1720 proelio
998 1661 1064 1702 ver·
1086 1657 1116 1702 15

112 1745 211 1795 terat:
232 1734 394 1815 omnisque
416 1734 567 1795 inferioris
586 1735 772 1796 Germaniae
793 1737 881 1796 miles
896 1737 1064 1799 Valentem

112 1833 332 1907 assectabatur,
360 1832 443 1892 unde
470 1832 606 1912 primum
633 1833 771 1893 creditur
800 1832 952 1894 Caecinae
985 1834 1063 1896 lides

111 1928 257 1991 fluitusse.
1052 1981 1057 1996 ,

152 2027 200 2086 94.
228 2027 376 2088 Ceterum
397 2046 460 2086 uon
481 2026 526 2086 ita
547 2025 678 2086 ducibus
700 2025 829 2086 indulsit
851 2025 1006 2100 Vitellius,
1027 2036 1063 2088 ut

111 2143 172 2182 non
186 2124 254 2202 plus
265 2123 357 2183 militi
369 2122 485 2182 liceret.
515 2122 581 2182 Sibi
593 2123 720 2201 quisque
731 2122 876 2182 militiam
886 2143 1044 2203 sumpsere
1051 2144 1061 2190 ;

110 2221 252 2298 quanrvis
279 2221 436 2299 indignus,
459 2219 485 2279 si
512 2218 558 2278 ita
585 2218 745 2291 maluerat,
769 2219 905 2278 urbanae
933 2219 1062 2280 militiae

110 2318 355 2392 asscribebatur;
375 2336 481 2377 rursus
498 2314 587 2376 bonis
608 2334 765 2375 remanere
779 2315 861 2374 iuter
874 2315 1061 2394 legionarios

110 2425 166 2475 aut
193 2416 291 2475 alares
313 2413 490 2474 volentibus
518 2411 711 2492 permissum.
751 2411 821 2470 Nec
849 2411 979 2473 deerunt
1007 2412 1060 2491 qui
1097 2428 1112 2473 a

109 2511 236 2585 vellent,
251 2510 325 2572 fessi
340 2510 456 2571 morbis
476 2519 509 2571 et
530 2508 748 2589 intemperiem
768 2507 845 2568 caeli
866 2507 1060 2582 incusantes3

109 2608 222 2668 robora
241 2622 344 2669 tamen
366 2607 538 2688 legionibus
559 2607 677 2687 alisque
698 2607 864 2678 subtracta,
879 2604 1061 2665 convulsum

109 2717 282 2765 castrorum
302 2706 405 2778 decus,
427 2704 538 2784 viginti
559 2704 684 2767 milibus
705 2723 722 2763 e
743 2711 813 2764 toto
833 2701 973 2762 exercitu
992 2719 1059 2781 per-

109 2800 215 2860 mixtis
236 2800 333 2881 magis
354 2821 446 2880 quam
468 2801 583 2861 electis.
