2580 3944
381 117 583 166 nuunmmu
604 117 714 164 umus
737 116 887 164 rancus.
1105 99 1148 165 47

146 274 309 338 seditionis
334 275 537 336 auctoribus.'
564 274 751 353 Promptum
771 274 811 333 ad
832 272 988 353 asperiora
1014 272 1098 354 inge

146 374 233 434 nium
247 372 352 433 Druso
373 383 456 431 erat:
478 380 605 432 vocatos
625 371 817 431 Vibulenum
837 382 870 431 et
891 371 1097 432 Percennium
1120 388 1149 439 rt

146 468 280 529 interfici
300 468 399 549 jubet.
440 467 584 527 Tradunt
601 467 741 546 plerique
760 467 844 527 intra
862 468 1096 529 tabernaculum

147 566 234 626 ducis
245 563 443 637 obrutos,alii
454 583 584 642 corpora
595 574 683 623 extra
692 565 808 624 vallum
819 564 939 642 abjecta
950 566 1095 625 ostentui.

200 664 248 722 30.
290 661 381 734 Tum,
396 670 431 720 ut
452 660 579 740 quisque
600 659 783 739 praecipuus
807 662 958 734 turbator,
974 662 1096 741 conqui-

145 759 208 834 siti,
223 769 256 819 et
269 778 350 838 pars,
365 768 454 818 extra
468 768 569 817 castra
585 757 735 836 palantes,
751 777 769 816 a
789 758 1021 818 centurionibus
1042 770 1096 819 aut

146 854 372 937 praetoriarum
386 853 560 914 cohortium
575 853 724 913 militibus
743 854 845 928 caesi;
866 855 1016 934 quosdam
1036 855 1095 933 ipsi

146 951 297 1031 manipuli
311 952 533 1011 documentum
553 950 627 1009 fidei
648 951 815 1010 tradidere.
856 951 1000 1011 Auxerat
1019 952 1097 1010 mili-

145 1058 216 1110 tum
228 1068 317 1109 curas
330 1052 526 1128 praematura
540 1049 647 1120 hiems,
661 1047 810 1107 imbribus
831 1048 986 1108 continuis
1007 1050 1097 1108 adeo-
1132 1064 1148 1109 o

146 1165 207 1227 que
220 1145 330 1219 saevis,
346 1155 382 1205 ut
396 1164 458 1205 non
472 1144 579 1224 egredi
593 1144 739 1216 tentoria,
754 1144 936 1222 congregari
956 1145 1038 1204 inter
1052 1165 1094 1219 se,

146 1242 200 1302 vix
211 1241 307 1302 tutari
321 1242 409 1321 signa
422 1251 558 1321 possent,
571 1261 648 1319 quae
660 1241 782 1300 turbine
795 1251 886 1319 atque
898 1242 982 1300 unda
996 1252 1097 1319 rapta

146 1339 267 1399 bantur.
309 1339 450 1399 Durabat
464 1348 497 1398 et
517 1337 650 1396 formido
666 1337 806 1397 caelestis
821 1337 894 1410 irae,
909 1357 965 1397 neo
979 1339 1096 1397 frustra

147 1436 295 1495 adversus
316 1435 427 1515 impios
448 1435 613 1493 hebescere
635 1434 745 1506 sidera,
766 1453 855 1493 ruere
876 1443 1094 1512 tempestates:

145 1552 209 1592 non
221 1531 304 1591 aliud
315 1532 466 1591 malorum
481 1532 691 1590 levamentum
703 1550 794 1610 quam
808 1531 833 1590 si
848 1530 1024 1610 linquerent
1035 1551 1097 1592 oas-
1118 1547 1148 1593 10

140 1637 195 1688 tra
209 1627 344 1688 infausta
357 1637 579 1706 temerataque,
594 1638 626 1687 et
641 1628 733 1687 soluti
749 1628 869 1706 piaculo
889 1628 950 1688 suis
966 1628 1093 1708 quisque

145 1725 281 1786 hibernis
296 1726 509 1785 redderentur.
544 1724 685 1784 Primum
699 1736 819 1798 octava,
835 1725 906 1784 dein
922 1727 1031 1804 quinta
1045 1726 1096 1785 de-

146 1841 236 1882 cuma
249 1822 330 1901 legio
345 1821 484 1881 rediere:
504 1840 645 1880 nonanus
660 1822 864 1900 opperiendas
880 1822 997 1881 Tiberii
1018 1823 1095 1901 epis

145 1919 228 1979 tolas
246 1918 468 1989 clamitaverat,
483 1937 556 1976 mox
577 1918 733 1977 desolatus
755 1919 885 1979 aliorum
906 1920 1093 1980 discessione

144 2014 359 2074 imminentem
369 2014 586 2073 necessitatem
598 2024 708 2092 sponte
721 2017 891 2092 praevenit.
921 2017 964 2075 Et
976 2017 1095 2078 Drusus
1116 2032 1146 2078 15

144 2131 208 2171 non
236 2120 416 2189 exspectato
444 2111 618 2189 legatorum
645 2131 795 2189 regressu,
821 2113 892 2191 quia
919 2114 1095 2192 praesentia

144 2207 220 2268 'satis
232 2209 445 2281 consederant,
456 2207 488 2266 in
504 2208 611 2266 urbem
625 2207 728 2266 rediit.

199 2305 246 2364 31.
286 2303 391 2365 Isdem
408 2306 507 2368 ferme
527 2303 636 2363 diebus
657 2304 756 2364 isdem
778 2305 876 2365 causis
891 2306 1093 2368 Germanicae

146 2400 285 2480 legiones
306 2402 459 2474 turbatae,
482 2410 598 2479 quanto
620 2401 732 2479 plures,
754 2411 843 2462 tanto
863 2404 1040 2477 violentius,
1062 2415 1094 2464 et

144 2516 256 2576 magna
267 2517 320 2575 spe
331 2497 398 2557 iore
410 2507 445 2556 ut
457 2497 657 2558 Germanicus
670 2499 783 2558 Caesar
793 2499 956 2579 imperium
967 2501 1093 2562 alterius

144 2592 209 2672 pati
225 2592 366 2672 nequiret
380 2595 529 2673 daretque
544 2613 576 2653 se
591 2594 763 2672 legionibus
775 2596 807 2656 vi
822 2617 877 2656 sua
891 2606 1003 2657 cuncta
1017 2607 1095 2658 trac-

144 2689 232 2750 turis.
275 2689 346 2749 Duo
375 2691 459 2769 apud
484 2690 582 2768 ripam
607 2691 710 2751 Rheni
733 2694 886 2753 exercitus
911 2703 1017 2752 eraut:
1042 2695 1091 2754 cui
1131 2710 1146 2754 5

133 2790 257 2846 'nomen
271 2787 430 2865 superiori,
445 2789 502 2847 sub
515 2787 548 2847 Ο.
565 2788 640 2848 Silio
655 2791 768 2868 legato,
779 2791 957 2850 inferiorem
969 2791 1009 2849 A.
1021 2791 1094 2851 Cae-

144 2883 213 2942 cina
233 2884 370 2943 ourabat.
412 2884 566 2963 Regimen
594 2905 731 2946 summae
752 2887 797 2946 rei
820 2907 914 2966 penes
936 2887 1094 2946 Germani·

143 2997 223 3052 oum,
248 2979 370 3057 agendo
395 2979 566 3040 Galliarum
594 2982 699 3041 censui
727 2992 795 3042 tum
821 2984 987 3043 intentum.
1030 2985 1092 3044 Sed

143 3075 253 3153 quibus
276 3075 368 3136 Silius
392 3078 622 3149 moderabatur,
642 3087 747 3138 mente
769 3080 914 3158 ambigua
934 3080 1092 3139 fortunam

143 3172 305 3232 seditionis
326 3173 445 3234 alienae
470 3174 727 3253 speculabantur:
754 3175 910 3235 inferioris
938 3176 1093 3236 exereitus
1115 3190 1146 3235 10

141 3268 230 3329 miles
245 3269 277 3329 in
291 3270 409 3330 rabiem
423 3272 584 3350 prolapsus
599 3281 655 3344 est,
670 3281 740 3332 orto
761 3275 800 3332 ab
821 3273 1093 3333 unetvicesimanis

142 3365 358 3445 quintanisque
373 3367 472 3442 initio,
482 3378 514 3428 et
528 3368 636 3429 tractis
650 3369 750 3448 prima
762 3391 883 3450 quoque
899 3390 934 3430 ac
945 3368 1093 3429 vicesima
