2580 3944
422 178 618 228 axonam
639 178 855 230 normae.

518 261 531 289 ο

191 348 299 416 raptus
320 338 478 418 penatium
499 339 668 399 hauserunt
689 337 801 412 animo,
816 358 908 417 super
928 338 1089 400 avaritiam
1111 349 1144 402 et

192 435 409 514 arrogantiam,
430 435 597 514 praecipua
624 436 809 495 validiorum
837 434 924 508 vitia,
946 436 1143 497 contumacia

193 532 352 592 Gallorum
371 531 491 605 irritati,
506 533 566 611 qui,
581 533 740 591 remissam
761 531 820 591 sibi
841 551 860 590 a
881 531 980 592 Galba
1000 544 1143 612 quartam

192 628 379 689 tributorum
399 642 520 709 partem
542 639 574 690 31
595 630 716 709 publice
731 630 873 703 donatos,
887 630 919 690 in
940 630 1143 710 ignominiam

139 740 171 786 23
184 726 346 785 exercitus
360 727 529 806 jactabant.
560 726 701 786 Accessit
715 726 826 785 callide
841 727 1012 806 vulgatum,
1026 739 1143 788 temere

193 823 354 896 creditum,
370 822 527 882 decumari
548 823 686 901 legiones
708 833 740 882 et
760 824 1025 902 promptissimum
1040 845 1144 905 quem·

193 938 253 998 que
280 919 497 978 centurionum
525 919 651 978 dimitti.
704 918 853 1000 Undique
883 933 1001 982 atroces
1028 922 1142 995 nuntii,

193 1016 317 1075 sinistra
330 1036 368 1074 ex
384 1016 458 1075 urbe
473 1016 570 1075 fama:
591 1016 712 1076 infensa
729 1015 946 1096 Lugdunensis
963 1019 1082 1078 colonia
1099 1029 1141 1083 et,

192 1111 343 1190 pertinaci
371 1132 426 1191 pro
455 1111 581 1171 Nerone
608 1112 679 1187 fide,
707 1114 842 1173 fecunda
869 1115 1060 1190 rumoribus;
1087 1111 1142 1175 sed

140 1223 171 1269 30
191 1208 323 1287 plurima
337 1208 375 1266 ad
391 1208 572 1287 fingendum
587 1209 836 1291 credendumque
852 1211 994 1271 materies
1014 1211 1046 1271 in
1066 1211 1141 1291 ipsis

194 1305 309 1379 castris,
324 1304 396 1364 odio
417 1316 502 1365 metu
524 1317 566 1380 et,
581 1307 633 1366 ubi
649 1308 728 1368 vires
749 1327 819 1368 suas
840 1318 1046 1388 respexerant,
1060 1327 1144 1368 secu-

194 1403 295 1462 ritate.

236 1501 283 1560 61.
317 1500 478 1580 Adjuncto
507 1500 688 1562 Britannico
716 1502 863 1575 exercitu,
890 1501 1000 1582 ingens
1026 1501 1144 1562 viribus

195 1597 365 1676 opibusque
380 1597 528 1658 Vitellius
545 1599 623 1659 dnos
643 1599 746 1672 duces,
762 1599 825 1658 duo
845 1598 957 1657 itinera
976 1599 1057 1658 bello
1078 1598 1145 1657 des-

194 1694 324 1754 tinavit:
346 1693 460 1754 Fabius
481 1694 599 1755 Valens
619 1695 740 1755 allicere
760 1695 820 1768 vel,
839 1695 864 1754 si
885 1694 1063 1767 abnuerent,
1079 1713 1146 1753 vas·

194 1801 261 1849 tare
286 1790 402 1851 Gallias
427 1802 459 1851 et
482 1792 637 1851 Cottianis
658 1792 791 1869 Alpibus
817 1791 938 1851 ltaliam
965 1791 1144 1871 irrumpere,

141 1902 158 1948 t
195 1887 328 1949 Caecina
348 1888 489 1967 propiore
510 1888 642 1947 transitu
664 1887 812 1947 Poeninis
827 1887 913 1966 jugis
933 1887 1061 1967 degredi
1081 1887 1146 1967 jus-

196 2006 255 2046 sus.
285 1986 412 2045 Valenti
426 1985 576 2044 inferioris
588 1985 741 2044 exercitus
756 1984 847 2043 electi
862 2004 932 2043 cum
946 1983 1049 2064 aquila
1060 1984 1147 2064 quin·

195 2093 246 2143 tae
261 2083 390 2163 legionis
405 2093 437 2142 et
452 2083 629 2141 cohortibus
645 2081 771 2160 alisque,
787 2081 825 2139 ad
841 2081 1045 2160 quadraginta
1058 2081 1146 2140 milia

196 2192 382 2240 armatorum
404 2180 496 2252 data3
525 2179 655 2258 triginta
675 2178 761 2237 milia
782 2178 916 2239 Caecina
942 2197 960 2237 3
987 2177 1145 2256 superiore

196 2278 362 2338 Germania
376 2277 518 2350 ducebat,
536 2296 666 2356 quorum
688 2274 781 2334 robur
802 2274 883 2353 legio
903 2273 1147 2334 unaetvioesima

143 2389 172 2434 10
193 2374 272 2434 fuit:
301 2375 409 2434 addita
437 2374 559 2452 utrique
588 2372 814 2432 Germanorum
843 2369 1004 2442 auxilia,e
1032 2369 1146 2449 quibus

196 2471 343 2532 Vitellius
357 2491 426 2531 suas
442 2490 563 2551 quoque
579 2469 683 2549 copias
701 2466 866 2547 supplevit,
881 2476 949 2526 tota
969 2466 1050 2525 mole
1070 2465 1146 2526 belli

196 2579 365 2628 secuturus.

236 2665 284 2723 62.
312 2664 393 2724 Mira
404 2664 486 2723 inter
497 2663 666 2723 exercitum
677 2660 954 2740 imperatoremque
962 2657 1147 2720 diversitas:

194 2759 310 2819 instare
324 2761 419 2832 milea
432 2780 515 2818 arma
529 2761 749 2838 pomerariam
761 2756 878 2817 Galliae
892 2755 1057 2835 trepident,
1068 2754 1147 2815 dum

195 2855 363 2936 Hispaniae
379 2866 579 2916 cunctentur:
601 2876 662 2916 non
684 2856 806 2915 obstare
826 2853 960 2912 hiemem
980 2870 1080 2931 neque
1101 2851 1149 2931 ig-

195 2973 293 3012 navae
315 2953 397 3031 pacis
418 2971 538 3024 moras3
559 2952 766 3011 invadendam
786 2950 917 3023 Italiam,
932 2948 1147 3026 occupandam

142 3064 157 3108 15
196 3050 322 3123 urbem3
343 3049 417 3108 nihil
433 3049 464 3106 in
481 3049 642 3108 discordiis
657 3049 798 3108 civilibus
819 3045 1015 3106 festinatione
1035 3043 1146 3120 tutius,

196 3146 247 3205 nbi
269 3147 350 3206 facto
369 3145 466 3223 magis
481 3165 573 3223 quam
595 3146 735 3204 consulto
756 3164 834 3223 opus
854 3153 943 3204 33331.
985 3140 1148 3220 Torpebat

195 3242 342 3302 Vitellius
354 3253 385 3302 et
399 3242 553 3301 fortunam
564 3241 754 3321 principatus
767 3240 859 3300 inerti
873 3241 949 3300 luxu
961 3258 996 3300 33
1005 3237 1149 3318 prodigis

196 3339 294 3418 epulis
316 3338 537 3418 praesumebat,
558 3337 661 3396 medio
683 3338 744 3396 diei
772 3337 961 3396 temulentus
983 3344 1015 3395 et
1035 3334 1149 3414 sagina

195 3435 308 3515 gravis,
331 3455 401 3494 cum
424 3446 528 3494 tamen
554 3434 645 3494 ardor
664 3444 696 3493 et
717 3433 764 3493 vis
791 3432 925 3492 militum
949 3432 1032 3492 ultro
1056 3431 1149 3493 ducis
