<?xml version="1.0" encoding="UTF-8"?>
<!DOCTYPE html PUBLIC "-//W3C//DTD XHTML 1.0 Transitional//EN"
    "http://www.w3.org/TR/xhtml1/DTD/xhtml1-transitional.dtd">
<html xmlns="http://www.w3.org/1999/xhtml" xml:lang="en" lang="en">
 <head>
  <title>
</title>
<meta http-equiv="Content-Type" content="text/html;charset=utf-8" />
  <meta name='ocr-system' content='tesseract 3.04.00' />
  <meta name='ocr-capabilities' content='ocr_page ocr_carea ocr_par ocr_line ocrx_word'/>
</head>
<body>
  <div class='ocr_page' id='page_1' title='image "./selectionsfromt00chamgoog_0060.png"; bbox 0 0 2580 3944; ppageno 0'>
   <div class='ocr_carea' id='block_1_1' title="bbox 391 119 1159 184">
    <p class='ocr_par' dir='ltr' id='par_1_1' title="bbox 391 119 1159 184">
     <span class='ocr_line' id='line_1_1' title="bbox 391 119 1159 184; baseline 0.01 -8"><span class='ocrx_word' id='word_1_1' title='bbox 391 128 724 179; x_wconf 70' lang='lat' dir='ltr'>annumeramus</span> <span class='ocrx_word' id='word_1_2' title='bbox 747 133 897 181; x_wconf 79' lang='lat' dir='ltr'>ramus</span> <span class='ocrx_word' id='word_1_3' title='bbox 1117 119 1159 184; x_wconf 88' lang='lat'>45</span> 
     </span>
    </p>
   </div>
   <div class='ocr_carea' id='block_1_2' title="bbox 136 287 1156 3466">
    <p class='ocr_par' dir='ltr' id='par_1_2' title="bbox 136 287 1156 1335">
     <span class='ocr_line' id='line_1_2' title="bbox 158 287 1105 367; baseline 0.007 -22"><span class='ocrx_word' id='word_1_4' title='bbox 158 287 256 366; x_wconf 90' lang='lat' dir='ltr'>patris</span> <span class='ocrx_word' id='word_1_5' title='bbox 283 287 477 361; x_wconf 82' lang='lat' dir='ltr'>obtenderet,</span> <span class='ocrx_word' id='word_1_6' title='bbox 504 287 639 348; x_wconf 90' lang='lat' dir='ltr'>clamore</span> <span class='ocrx_word' id='word_1_7' title='bbox 668 289 821 350; x_wconf 88' lang='lat' dir='ltr'>turbatur.</span> <span class='ocrx_word' id='word_1_8' title='bbox 866 290 930 351; x_wconf 82' lang='lat' dir='ltr'>Cur</span> <span class='ocrx_word' id='word_1_9' title='bbox 957 292 1105 367; x_wconf 88' lang='lat' dir='ltr'>venisset,</span> 
     </span>
     <span class='ocr_line' id='line_1_3' title="bbox 158 385 1105 467; baseline 0.007 -24"><span class='ocrx_word' id='word_1_10' title='bbox 158 404 258 464; x_wconf 88' lang='lat' dir='ltr'>neque</span> <span class='ocrx_word' id='word_1_11' title='bbox 286 385 435 465; x_wconf 80' lang='lat' dir='ltr'>augendis</span> <span class='ocrx_word' id='word_1_12' title='bbox 458 385 593 445; x_wconf 91' lang='lat' dir='ltr'>militum</span> <span class='ocrx_word' id='word_1_13' title='bbox 620 386 783 465; x_wconf 86' lang='lat' dir='ltr'>stipendiis</span> <span class='ocrx_word' id='word_1_14' title='bbox 807 407 906 467; x_wconf 91' lang='lat' dir='ltr'>neque</span> <span class='ocrx_word' id='word_1_15' title='bbox 935 388 1105 450; x_wconf 80' lang='lat' dir='ltr'><strong>allevandis</strong></span> 
     </span>
     <span class='ocr_line' id='line_1_4' title="bbox 157 481 1105 561; baseline 0.005 -21"><span class='ocrx_word' id='word_1_16' title='bbox 157 481 322 554; x_wconf 78' lang='lat' dir='ltr'>laboribus,</span> <span class='ocrx_word' id='word_1_17' title='bbox 350 482 483 561; x_wconf 92' lang='lat' dir='ltr'>denique</span> <span class='ocrx_word' id='word_1_18' title='bbox 512 482 597 541; x_wconf 92' lang='lat' dir='ltr'>nulla</span> <span class='ocrx_word' id='word_1_19' title='bbox 623 481 702 541; x_wconf 92' lang='lat' dir='ltr'>bene</span> <span class='ocrx_word' id='word_1_20' title='bbox 730 483 865 542; x_wconf 79' lang='lat' dir='ltr'>faciendi</span> <span class='ocrx_word' id='word_1_21' title='bbox 890 484 1039 544; x_wconf 84' lang='lat' dir='ltr'>licentia?</span> <span class='ocrx_word' id='word_1_22' title='bbox 1071 496 1105 546; x_wconf 89' lang='lat' dir='ltr'>at</span> 
     </span>
     <span class='ocr_line' id='line_1_5' title="bbox 156 578 1104 658; baseline 0.005 -22"><span class='ocrx_word' id='word_1_23' title='bbox 156 578 280 637; x_wconf 84' lang='lat' dir='ltr'>hercule</span> <span class='ocrx_word' id='word_1_24' title='bbox 294 579 425 637; x_wconf 88' lang='lat' dir='ltr'>verbera</span> <span class='ocrx_word' id='word_1_25' title='bbox 438 588 470 637; x_wconf 92' lang='lat' dir='ltr'>et</span> <span class='ocrx_word' id='word_1_26' title='bbox 484 598 593 638; x_wconf 91' lang='lat' dir='ltr'>necem</span> <span class='ocrx_word' id='word_1_27' title='bbox 613 579 733 638; x_wconf 89' lang='lat' dir='ltr'>cunctis</span> <span class='ocrx_word' id='word_1_28' title='bbox 753 579 902 658; x_wconf 76' lang='lat' dir='ltr'>permitti.</span> <span class='ocrx_word' id='word_1_29' title='bbox 943 580 1104 641; x_wconf 88' lang='lat' dir='ltr'>Tiberium</span> 
     </span>
     <span class='ocr_line' id='line_1_6' title="bbox 156 674 1156 754; baseline 0.006 -21"><span class='ocrx_word' id='word_1_30' title='bbox 156 675 231 734; x_wconf 91' lang='lat' dir='ltr'>olim</span> <span class='ocrx_word' id='word_1_31' title='bbox 245 675 369 734; x_wconf 91' lang='lat' dir='ltr'>nomine</span> <span class='ocrx_word' id='word_1_32' title='bbox 383 676 519 754; x_wconf 83' lang='lat' dir='ltr'>Augusti</span> <span class='ocrx_word' id='word_1_33' title='bbox 535 674 689 735; x_wconf 89' lang='lat' dir='ltr'>desideria</span> <span class='ocrx_word' id='word_1_34' title='bbox 702 676 861 754; x_wconf 85' lang='lat' dir='ltr'>legionum</span> <span class='ocrx_word' id='word_1_35' title='bbox 875 677 1017 736; x_wconf 85' lang='lat' dir='ltr'>frustrari</span> <span class='ocrx_word' id='word_1_36' title='bbox 1036 678 1105 736; x_wconf 89' lang='lat' dir='ltr'>soli·</span> <span class='ocrx_word' id='word_1_37' title='bbox 1126 695 1156 740; x_wconf 88' lang='lat'>10</span> 
     </span>
     <span class='ocr_line' id='line_1_7' title="bbox 154 772 1102 853; baseline 0.003 -23"><span class='ocrx_word' id='word_1_38' title='bbox 154 781 241 831; x_wconf 90' lang='lat' dir='ltr'>tum:</span> <span class='ocrx_word' id='word_1_39' title='bbox 270 772 394 831; x_wconf 87' lang='lat' dir='ltr'>easdem</span> <span class='ocrx_word' id='word_1_40' title='bbox 416 784 498 832; x_wconf 88' lang='lat' dir='ltr'>artes</span> <span class='ocrx_word' id='word_1_41' title='bbox 521 772 658 833; x_wconf 89' lang='lat' dir='ltr'>Drusum</span> <span class='ocrx_word' id='word_1_42' title='bbox 682 772 850 832; x_wconf 87' lang='lat' dir='ltr'>rettulisse.</span> <span class='ocrx_word' id='word_1_43' title='bbox 892 773 1102 853; x_wconf 81' lang='lat' dir='ltr'>Nunquamne</span> 
     </span>
     <span class='ocr_line' id='line_1_8' title="bbox 154 867 1102 949; baseline 0.002 -22"><span class='ocrx_word' id='word_1_44' title='bbox 154 868 213 927; x_wconf 88' lang='lat' dir='ltr'>nisi</span> <span class='ocrx_word' id='word_1_45' title='bbox 224 867 263 927; x_wconf 90' lang='lat' dir='ltr'>ad</span> <span class='ocrx_word' id='word_1_46' title='bbox 275 888 307 928; x_wconf 89' lang='lat' dir='ltr'>se</span> <span class='ocrx_word' id='word_1_47' title='bbox 318 869 397 929; x_wconf 88' lang='lat' dir='ltr'>filios</span> <span class='ocrx_word' id='word_1_48' title='bbox 411 868 601 928; x_wconf 81' lang='lat' dir='ltr'>familiarum</span> <span class='ocrx_word' id='word_1_49' title='bbox 612 869 780 928; x_wconf 79' lang='lat' dir='ltr'>venturos?</span> <span class='ocrx_word' id='word_1_50' title='bbox 813 869 941 928; x_wconf 89' lang='lat' dir='ltr'>Novum</span> <span class='ocrx_word' id='word_1_51' title='bbox 956 869 989 928; x_wconf 88' lang='lat' dir='ltr'>id</span> <span class='ocrx_word' id='word_1_52' title='bbox 1001 871 1102 949; x_wconf 91' lang='lat' dir='ltr'>plane,</span> 
     </span>
     <span class='ocr_line' id='line_1_9' title="bbox 154 965 1103 1047; baseline 0.001 -23"><span class='ocrx_word' id='word_1_53' title='bbox 154 966 238 1044; x_wconf 92' lang='lat' dir='ltr'>quod</span> <span class='ocrx_word' id='word_1_54' title='bbox 252 966 421 1045; x_wconf 89' lang='lat' dir='ltr'>imperator</span> <span class='ocrx_word' id='word_1_55' title='bbox 435 967 500 1026; x_wconf 89' lang='lat' dir='ltr'>sola</span> <span class='ocrx_word' id='word_1_56' title='bbox 513 966 620 1026; x_wconf 89' lang='lat' dir='ltr'>militis</span> <span class='ocrx_word' id='word_1_57' title='bbox 634 966 798 1025; x_wconf 89' lang='lat' dir='ltr'>commoda</span> <span class='ocrx_word' id='word_1_58' title='bbox 811 965 851 1026; x_wconf 90' lang='lat' dir='ltr'>ad</span> <span class='ocrx_word' id='word_1_59' title='bbox 870 976 1012 1026; x_wconf 88' lang='lat' dir='ltr'>senatum</span> <span class='ocrx_word' id='word_1_60' title='bbox 1033 967 1103 1047; x_wconf 91' lang='lat' dir='ltr'>reji-</span> 
     </span>
     <span class='ocr_line' id='line_1_10' title="bbox 136 1062 1101 1141; baseline 0.002 -21"><span class='ocrx_word' id='word_1_61' title='bbox 136 1062 224 1121; x_wconf 89' lang='lat' dir='ltr'>ciat.</span> <span class='ocrx_word' id='word_1_62' title='bbox 265 1062 410 1121; x_wconf 89' lang='lat' dir='ltr'>Eundem</span> <span class='ocrx_word' id='word_1_63' title='bbox 438 1083 514 1141; x_wconf 88' lang='lat' dir='ltr'>ergo</span> <span class='ocrx_word' id='word_1_64' title='bbox 537 1074 680 1122; x_wconf 88' lang='lat' dir='ltr'>senatum</span> <span class='ocrx_word' id='word_1_65' title='bbox 702 1063 935 1136; x_wconf 89' lang='lat' dir='ltr'>consulendum,</span> <span class='ocrx_word' id='word_1_66' title='bbox 957 1063 1101 1141; x_wconf 89' lang='lat' dir='ltr'>quotiens</span> 
     </span>
     <span class='ocr_line' id='line_1_11' title="bbox 153 1159 1153 1238; baseline 0.002 -20"><span class='ocrx_word' id='word_1_67' title='bbox 153 1159 305 1238; x_wconf 90' lang='lat' dir='ltr'>supplicia</span> <span class='ocrx_word' id='word_1_68' title='bbox 319 1168 373 1218; x_wconf 92' lang='lat' dir='ltr'>aut</span> <span class='ocrx_word' id='word_1_69' title='bbox 386 1159 504 1237; x_wconf 89' lang='lat' dir='ltr'>proelia</span> <span class='ocrx_word' id='word_1_70' title='bbox 520 1159 716 1218; x_wconf 83' lang='lat' dir='ltr'>indicantur:</span> <span class='ocrx_word' id='word_1_71' title='bbox 737 1178 776 1218; x_wconf 91' lang='lat' dir='ltr'>an</span> <span class='ocrx_word' id='word_1_72' title='bbox 791 1159 929 1238; x_wconf 90' lang='lat' dir='ltr'>praemia</span> <span class='ocrx_word' id='word_1_73' title='bbox 943 1159 1001 1218; x_wconf 92' lang='lat' dir='ltr'>sub</span> <span class='ocrx_word' id='word_1_74' title='bbox 1016 1159 1102 1218; x_wconf 90' lang='lat' dir='ltr'>dom·</span> <span class='ocrx_word' id='word_1_75' title='bbox 1123 1175 1153 1220; x_wconf 82' lang='lat'>15</span> 
     </span>
     <span class='ocr_line' id='line_1_12' title="bbox 152 1254 1093 1335; baseline 0.002 -22"><span class='ocrx_word' id='word_1_76' title='bbox 152 1254 221 1328; x_wconf 88' lang='lat' dir='ltr'>inis,</span> <span class='ocrx_word' id='word_1_77' title='bbox 236 1275 353 1335; x_wconf 89' lang='lat' dir='ltr'>poenas</span> <span class='ocrx_word' id='word_1_78' title='bbox 366 1255 432 1314; x_wconf 91' lang='lat' dir='ltr'>sine</span> <span class='ocrx_word' id='word_1_79' title='bbox 446 1255 563 1315; x_wconf 90' lang='lat' dir='ltr'>arbitro</span> <span class='ocrx_word' id='word_1_80' title='bbox 578 1255 667 1314; x_wconf 83' lang='lat' dir='ltr'>esse?</span> <span class='ocrx_word' id='word_1_81' title='bbox 1090 1261 1093 1266; x_wconf 83' lang='lat'>&#39;</span> 
     </span>
    </p>

    <p class='ocr_par' dir='ltr' id='par_1_3' title="bbox 144 1350 1152 2578">
     <span class='ocr_line' id='line_1_13' title="bbox 206 1350 1102 1432; baseline 0.002 -22"><span class='ocrx_word' id='word_1_82' title='bbox 206 1354 253 1412; x_wconf 81' lang='lat'>27.</span> <span class='ocrx_word' id='word_1_83' title='bbox 295 1350 459 1410; x_wconf 89' lang='lat' dir='ltr'>Postremo</span> <span class='ocrx_word' id='word_1_84' title='bbox 474 1351 620 1411; x_wconf 88' lang='lat' dir='ltr'>deserunt</span> <span class='ocrx_word' id='word_1_85' title='bbox 637 1351 783 1425; x_wconf 89' lang='lat' dir='ltr'>tribunal,</span> <span class='ocrx_word' id='word_1_86' title='bbox 798 1361 834 1412; x_wconf 91' lang='lat' dir='ltr'>ut</span> <span class='ocrx_word' id='word_1_87' title='bbox 848 1352 916 1432; x_wconf 89' lang='lat' dir='ltr'>quis</span> <span class='ocrx_word' id='word_1_88' title='bbox 935 1353 1102 1431; x_wconf 85' lang='lat' dir='ltr'>praetoria-</span> 
     </span>
     <span class='ocr_line' id='line_1_14' title="bbox 150 1448 1101 1522; baseline 0.004 -14"><span class='ocrx_word' id='word_1_89' title='bbox 150 1468 261 1508; x_wconf 91' lang='lat' dir='ltr'>norum</span> <span class='ocrx_word' id='word_1_90' title='bbox 276 1448 411 1508; x_wconf 87' lang='lat' dir='ltr'>militum</span> <span class='ocrx_word' id='word_1_91' title='bbox 425 1448 634 1508; x_wconf 81' lang='lat' dir='ltr'>amicorumve</span> <span class='ocrx_word' id='word_1_92' title='bbox 646 1448 786 1508; x_wconf 86' lang='lat' dir='ltr'>Caesaris</span> <span class='ocrx_word' id='word_1_93' title='bbox 797 1458 981 1522; x_wconf 87' lang='lat' dir='ltr'>occurreret,</span> <span class='ocrx_word' id='word_1_94' title='bbox 992 1469 1101 1512; x_wconf 87' lang='lat' dir='ltr'>manus</span> 
     </span>
     <span class='ocr_line' id='line_1_15' title="bbox 150 1545 1099 1624; baseline 0.007 -20"><span class='ocrx_word' id='word_1_95' title='bbox 150 1546 351 1617; x_wconf 82' lang='lat' dir='ltr'>intentantes,</span> <span class='ocrx_word' id='word_1_96' title='bbox 372 1565 495 1605; x_wconf 91' lang='lat' dir='ltr'>causam</span> <span class='ocrx_word' id='word_1_97' title='bbox 522 1545 695 1605; x_wconf 85' lang='lat' dir='ltr'>discordiae</span> <span class='ocrx_word' id='word_1_98' title='bbox 723 1557 755 1605; x_wconf 89' lang='lat' dir='ltr'>et</span> <span class='ocrx_word' id='word_1_99' title='bbox 782 1546 906 1607; x_wconf 89' lang='lat' dir='ltr'>initium</span> <span class='ocrx_word' id='word_1_100' title='bbox 934 1569 1099 1624; x_wconf 91' lang='lat' dir='ltr'>armorum,</span> 
     </span>
     <span class='ocr_line' id='line_1_16' title="bbox 149 1642 1099 1723; baseline 0.007 -21"><span class='ocrx_word' id='word_1_101' title='bbox 149 1645 284 1704; x_wconf 87' lang='lat' dir='ltr'>maxime</span> <span class='ocrx_word' id='word_1_102' title='bbox 298 1643 411 1703; x_wconf 79' lang='lat' dir='ltr'>infensi</span> <span class='ocrx_word' id='word_1_103' title='bbox 427 1643 483 1703; x_wconf 85' lang='lat' dir='ltr'>Cn.</span> <span class='ocrx_word' id='word_1_104' title='bbox 497 1642 640 1717; x_wconf 91' lang='lat' dir='ltr'>Lentulo,</span> <span class='ocrx_word' id='word_1_105' title='bbox 655 1644 738 1723; x_wconf 91' lang='lat' dir='ltr'>quod</span> <span class='ocrx_word' id='word_1_106' title='bbox 757 1642 783 1704; x_wconf 88' lang='lat' dir='ltr'>is</span> <span class='ocrx_word' id='word_1_107' title='bbox 804 1655 877 1704; x_wconf 91' lang='lat' dir='ltr'>ante</span> <span class='ocrx_word' id='word_1_108' title='bbox 898 1647 975 1707; x_wconf 87' lang='lat' dir='ltr'>alios</span> <span class='ocrx_word' id='word_1_109' title='bbox 996 1658 1099 1709; x_wconf 90' lang='lat' dir='ltr'>aetate</span> 
     </span>
     <span class='ocr_line' id='line_1_17' title="bbox 149 1740 1152 1821; baseline 0.008 -22"><span class='ocrx_word' id='word_1_110' title='bbox 149 1750 181 1799; x_wconf 93' lang='lat' dir='ltr'>et</span> <span class='ocrx_word' id='word_1_111' title='bbox 194 1741 294 1821; x_wconf 86' lang='lat' dir='ltr'>gloria</span> <span class='ocrx_word' id='word_1_112' title='bbox 307 1740 381 1800; x_wconf 93' lang='lat' dir='ltr'>belli</span> <span class='ocrx_word' id='word_1_113' title='bbox 398 1741 520 1800; x_wconf 88' lang='lat' dir='ltr'>firmare</span> <span class='ocrx_word' id='word_1_114' title='bbox 535 1740 673 1800; x_wconf 87' lang='lat' dir='ltr'>Drusum</span> <span class='ocrx_word' id='word_1_115' title='bbox 687 1741 881 1816; x_wconf 83' lang='lat' dir='ltr'>credebatur,</span> <span class='ocrx_word' id='word_1_116' title='bbox 895 1753 928 1803; x_wconf 90' lang='lat' dir='ltr'>et</span> <span class='ocrx_word' id='word_1_117' title='bbox 948 1744 1002 1805; x_wconf 90' lang='lat' dir='ltr'>illa</span> <span class='ocrx_word' id='word_1_118' title='bbox 1021 1746 1099 1805; x_wconf 91' lang='lat' dir='ltr'>mili·</span> <span class='ocrx_word' id='word_1_119' title='bbox 1136 1762 1152 1808; x_wconf 80' lang='lat' dir='ltr'>o</span> 
     </span>
     <span class='ocr_line' id='line_1_18' title="bbox 148 1837 1099 1922; baseline 0.006 -26"><span class='ocrx_word' id='word_1_120' title='bbox 148 1837 210 1898; x_wconf 88' lang='lat' dir='ltr'>tiae</span> <span class='ocrx_word' id='word_1_121' title='bbox 225 1839 344 1920; x_wconf 88' lang='lat' dir='ltr'>flagitia</span> <span class='ocrx_word' id='word_1_122' title='bbox 358 1838 475 1919; x_wconf 85' lang='lat' dir='ltr'>primus</span> <span class='ocrx_word' id='word_1_123' title='bbox 495 1839 661 1920; x_wconf 88' lang='lat' dir='ltr'>aspernari.</span> <span class='ocrx_word' id='word_1_124' title='bbox 702 1839 770 1900; x_wconf 90' lang='lat' dir='ltr'>Nec</span> <span class='ocrx_word' id='word_1_125' title='bbox 788 1841 886 1900; x_wconf 90' lang='lat' dir='ltr'>multo</span> <span class='ocrx_word' id='word_1_126' title='bbox 907 1852 979 1921; x_wconf 92' lang='lat' dir='ltr'>post</span> <span class='ocrx_word' id='word_1_127' title='bbox 999 1842 1099 1922; x_wconf 88' lang='lat' dir='ltr'>digre-</span> 
     </span>
     <span class='ocr_line' id='line_1_19' title="bbox 148 1935 1098 2016; baseline 0.006 -21"><span class='ocrx_word' id='word_1_128' title='bbox 148 1935 286 1997; x_wconf 88' lang='lat' dir='ltr'>dientem</span> <span class='ocrx_word' id='word_1_129' title='bbox 308 1957 379 1997; x_wconf 93' lang='lat' dir='ltr'>cum</span> <span class='ocrx_word' id='word_1_130' title='bbox 395 1936 536 2010; x_wconf 86' lang='lat' dir='ltr'>Caesare,</span> <span class='ocrx_word' id='word_1_131' title='bbox 551 1957 587 1997; x_wconf 93' lang='lat' dir='ltr'>ac</span> <span class='ocrx_word' id='word_1_132' title='bbox 603 1937 730 2016; x_wconf 88' lang='lat' dir='ltr'>provisu</span> <span class='ocrx_word' id='word_1_133' title='bbox 749 1938 878 2016; x_wconf 85' lang='lat' dir='ltr'>periculi</span> <span class='ocrx_word' id='word_1_134' title='bbox 893 1939 1022 1999; x_wconf 88' lang='lat' dir='ltr'>hiberna</span> <span class='ocrx_word' id='word_1_135' title='bbox 1035 1961 1098 2002; x_wconf 91' lang='lat' dir='ltr'>cas-</span> 
     </span>
     <span class='ocr_line' id='line_1_20' title="bbox 148 2034 1095 2116; baseline 0.005 -24"><span class='ocrx_word' id='word_1_136' title='bbox 148 2042 197 2093; x_wconf 87' lang='lat' dir='ltr'>tra</span> <span class='ocrx_word' id='word_1_137' title='bbox 210 2045 416 2114; x_wconf 89' lang='lat' dir='ltr'>repetentem,</span> <span class='ocrx_word' id='word_1_138' title='bbox 427 2034 667 2107; x_wconf 79' lang='lat' dir='ltr'>circumsistunt,</span> <span class='ocrx_word' id='word_1_139' title='bbox 679 2034 850 2113; x_wconf 80' lang='lat' dir='ltr'>rogitantes</span> <span class='ocrx_word' id='word_1_140' title='bbox 864 2056 926 2115; x_wconf 93' lang='lat' dir='ltr'>quo</span> <span class='ocrx_word' id='word_1_141' title='bbox 940 2047 1095 2116; x_wconf 85' lang='lat' dir='ltr'>pergeret,</span> 
     </span>
     <span class='ocr_line' id='line_1_21' title="bbox 148 2131 1095 2211; baseline 0.004 -22"><span class='ocrx_word' id='word_1_142' title='bbox 148 2131 187 2189; x_wconf 90' lang='lat' dir='ltr'>ad</span> <span class='ocrx_word' id='word_1_143' title='bbox 206 2131 425 2211; x_wconf 86' lang='lat' dir='ltr'>imperatorem</span> <span class='ocrx_word' id='word_1_144' title='bbox 444 2150 482 2189; x_wconf 91' lang='lat' dir='ltr'>an</span> <span class='ocrx_word' id='word_1_145' title='bbox 498 2131 537 2189; x_wconf 91' lang='lat' dir='ltr'>ad</span> <span class='ocrx_word' id='word_1_146' title='bbox 552 2140 666 2209; x_wconf 88' lang='lat' dir='ltr'>patres,</span> <span class='ocrx_word' id='word_1_147' title='bbox 681 2141 715 2190; x_wconf 90' lang='lat' dir='ltr'>ut</span> <span class='ocrx_word' id='word_1_148' title='bbox 735 2131 799 2190; x_wconf 89' lang='lat' dir='ltr'>illie</span> <span class='ocrx_word' id='word_1_149' title='bbox 820 2152 941 2211; x_wconf 91' lang='lat' dir='ltr'>quoque</span> <span class='ocrx_word' id='word_1_150' title='bbox 962 2152 1095 2193; x_wconf 93' lang='lat' dir='ltr'>commo·</span> 
     </span>
     <span class='ocr_line' id='line_1_22' title="bbox 147 2227 1148 2309; baseline 0.006 -24"><span class='ocrx_word' id='word_1_151' title='bbox 147 2227 195 2287; x_wconf 91' lang='lat' dir='ltr'>dis</span> <span class='ocrx_word' id='word_1_152' title='bbox 215 2228 374 2306; x_wconf 86' lang='lat' dir='ltr'>legionum</span> <span class='ocrx_word' id='word_1_153' title='bbox 391 2228 623 2299; x_wconf 82' lang='lat' dir='ltr'>adversaretur3</span> <span class='ocrx_word' id='word_1_154' title='bbox 644 2227 733 2286; x_wconf 89' lang='lat' dir='ltr'>simul</span> <span class='ocrx_word' id='word_1_155' title='bbox 757 2227 915 2307; x_wconf 87' lang='lat' dir='ltr'>ingruunt,</span> <span class='ocrx_word' id='word_1_156' title='bbox 930 2248 1004 2287; x_wconf 85' lang='lat' dir='ltr'>saxa</span> <span class='ocrx_word' id='word_1_157' title='bbox 1023 2230 1096 2309; x_wconf 90' lang='lat' dir='ltr'>jaci·</span> <span class='ocrx_word' id='word_1_158' title='bbox 1118 2246 1148 2292; x_wconf 90' lang='lat'>10</span> 
     </span>
     <span class='ocr_line' id='line_1_23' title="bbox 146 2322 1096 2403; baseline 0.003 -20"><span class='ocrx_word' id='word_1_159' title='bbox 146 2334 213 2383; x_wconf 68' lang='lat' dir='ltr'>unt·</span> <span class='ocrx_word' id='word_1_160' title='bbox 254 2325 388 2403; x_wconf 92' lang='lat' dir='ltr'>Jamque</span> <span class='ocrx_word' id='word_1_161' title='bbox 412 2322 524 2401; x_wconf 87' lang='lat' dir='ltr'>lapidis</span> <span class='ocrx_word' id='word_1_162' title='bbox 548 2323 613 2383; x_wconf 87' lang='lat' dir='ltr'>ictu</span> <span class='ocrx_word' id='word_1_163' title='bbox 638 2332 783 2383; x_wconf 90' lang='lat' dir='ltr'>cruentus</span> <span class='ocrx_word' id='word_1_164' title='bbox 811 2333 843 2383; x_wconf 92' lang='lat' dir='ltr'>et</span> <span class='ocrx_word' id='word_1_165' title='bbox 871 2324 959 2384; x_wconf 86' lang='lat' dir='ltr'>exitii</span> <span class='ocrx_word' id='word_1_166' title='bbox 984 2336 1096 2400; x_wconf 88' lang='lat' dir='ltr'>certus,</span> 
     </span>
     <span class='ocr_line' id='line_1_24' title="bbox 146 2419 1096 2501; baseline 0.002 -21"><span class='ocrx_word' id='word_1_167' title='bbox 146 2439 274 2482; x_wconf 89' lang='lat' dir='ltr'>accursu</span> <span class='ocrx_word' id='word_1_168' title='bbox 294 2419 504 2481; x_wconf 89' lang='lat' dir='ltr'>multitudinis</span> <span class='ocrx_word' id='word_1_169' title='bbox 525 2440 603 2500; x_wconf 91' lang='lat' dir='ltr'>quae</span> <span class='ocrx_word' id='word_1_170' title='bbox 625 2440 695 2480; x_wconf 91' lang='lat' dir='ltr'>cum</span> <span class='ocrx_word' id='word_1_171' title='bbox 710 2420 814 2481; x_wconf 89' lang='lat' dir='ltr'>Druso</span> <span class='ocrx_word' id='word_1_172' title='bbox 835 2420 1014 2496; x_wconf 87' lang='lat' dir='ltr'>advenerat,</span> <span class='ocrx_word' id='word_1_173' title='bbox 1028 2442 1096 2501; x_wconf 88' lang='lat' dir='ltr'>pro·</span> 
     </span>
     <span class='ocr_line' id='line_1_25' title="bbox 144 2525 322 2578; baseline 0.006 -3"><span class='ocrx_word' id='word_1_174' title='bbox 144 2525 246 2577; x_wconf 89' lang='lat' dir='ltr'>tectus</span> <span class='ocrx_word' id='word_1_175' title='bbox 267 2527 322 2578; x_wconf 91' lang='lat' dir='ltr'>est.</span> 
     </span>
    </p>

    <p class='ocr_par' dir='ltr' id='par_1_4' title="bbox 142 2613 1144 3466">
     <span class='ocr_line' id='line_1_26' title="bbox 199 2613 1093 2693; baseline 0.003 -21"><span class='ocrx_word' id='word_1_176' title='bbox 199 2615 247 2675; x_wconf 79' lang='lat'>28.</span> <span class='ocrx_word' id='word_1_177' title='bbox 289 2614 426 2674; x_wconf 90' lang='lat' dir='ltr'>Noctem</span> <span class='ocrx_word' id='word_1_178' title='bbox 439 2613 592 2674; x_wconf 86' lang='lat' dir='ltr'>minacem</span> <span class='ocrx_word' id='word_1_179' title='bbox 608 2623 640 2675; x_wconf 92' lang='lat' dir='ltr'>et</span> <span class='ocrx_word' id='word_1_180' title='bbox 658 2613 691 2673; x_wconf 90' lang='lat' dir='ltr'>in</span> <span class='ocrx_word' id='word_1_181' title='bbox 709 2614 808 2674; x_wconf 90' lang='lat' dir='ltr'>scelus</span> <span class='ocrx_word' id='word_1_182' title='bbox 829 2623 1008 2693; x_wconf 90' lang='lat' dir='ltr'>erupturam</span> <span class='ocrx_word' id='word_1_183' title='bbox 1028 2614 1093 2676; x_wconf 87' lang='lat' dir='ltr'>fors</span> 
     </span>
     <span class='ocr_line' id='line_1_27' title="bbox 144 2708 1092 2791; baseline 0.003 -24"><span class='ocrx_word' id='word_1_184' title='bbox 144 2708 269 2770; x_wconf 92' lang='lat' dir='ltr'>lenivit:</span> <span class='ocrx_word' id='word_1_185' title='bbox 289 2731 360 2770; x_wconf 88' lang='lat' dir='ltr'>nam</span> <span class='ocrx_word' id='word_1_186' title='bbox 376 2711 449 2770; x_wconf 90' lang='lat' dir='ltr'>luna</span> <span class='ocrx_word' id='word_1_187' title='bbox 464 2711 546 2770; x_wconf 89' lang='lat' dir='ltr'>claro</span> <span class='ocrx_word' id='word_1_188' title='bbox 561 2725 690 2791; x_wconf 88' lang='lat' dir='ltr'>repente</span> <span class='ocrx_word' id='word_1_189' title='bbox 705 2712 789 2770; x_wconf 90' lang='lat' dir='ltr'>caelo</span> <span class='ocrx_word' id='word_1_190' title='bbox 803 2711 871 2770; x_wconf 88' lang='lat' dir='ltr'>visa</span> <span class='ocrx_word' id='word_1_191' title='bbox 884 2711 1092 2790; x_wconf 88' lang='lat' dir='ltr'>languescere.</span> 
     </span>
     <span class='ocr_line' id='line_1_28' title="bbox 144 2803 1092 2887; baseline 0.004 -23"><span class='ocrx_word' id='word_1_192' title='bbox 144 2803 183 2865; x_wconf 94' lang='lat' dir='ltr'>Id</span> <span class='ocrx_word' id='word_1_193' title='bbox 205 2807 292 2866; x_wconf 87' lang='lat' dir='ltr'>miles</span> <span class='ocrx_word' id='word_1_194' title='bbox 313 2807 442 2867; x_wconf 89' lang='lat' dir='ltr'>rationis</span> <span class='ocrx_word' id='word_1_195' title='bbox 461 2807 586 2885; x_wconf 88' lang='lat' dir='ltr'>ignarus</span> <span class='ocrx_word' id='word_1_196' title='bbox 611 2827 700 2867; x_wconf 90' lang='lat' dir='ltr'>omen</span> <span class='ocrx_word' id='word_1_197' title='bbox 726 2807 937 2885; x_wconf 88' lang='lat' dir='ltr'>praesentium</span> <span class='ocrx_word' id='word_1_198' title='bbox 962 2809 1092 2887; x_wconf 90' lang='lat' dir='ltr'>aceepit,</span> 
     </span>
     <span class='ocr_line' id='line_1_29' title="bbox 143 2901 1093 2982; baseline 0.002 -21"><span class='ocrx_word' id='word_1_199' title='bbox 143 2901 205 2962; x_wconf 90' lang='lat' dir='ltr'>suis</span> <span class='ocrx_word' id='word_1_200' title='bbox 219 2903 374 2963; x_wconf 88' lang='lat' dir='ltr'>laboribus</span> <span class='ocrx_word' id='word_1_201' title='bbox 389 2903 595 2963; x_wconf 84' lang='lat' dir='ltr'>defectionem</span> <span class='ocrx_word' id='word_1_202' title='bbox 611 2903 720 2963; x_wconf 87' lang='lat' dir='ltr'>sideris</span> <span class='ocrx_word' id='word_1_203' title='bbox 735 2903 924 2977; x_wconf 90' lang='lat' dir='ltr'>assimulans,</span> <span class='ocrx_word' id='word_1_204' title='bbox 935 2924 1093 2982; x_wconf 92' lang='lat' dir='ltr'>prospere·</span> 
     </span>
     <span class='ocr_line' id='line_1_30' title="bbox 143 2999 1144 3078; baseline 0.003 -20"><span class='ocrx_word' id='word_1_205' title='bbox 143 3019 202 3078; x_wconf 90' lang='lat' dir='ltr'>que</span> <span class='ocrx_word' id='word_1_206' title='bbox 218 3019 340 3059; x_wconf 90' lang='lat' dir='ltr'>cessura</span> <span class='ocrx_word' id='word_1_207' title='bbox 354 3019 432 3078; x_wconf 89' lang='lat' dir='ltr'>quae</span> <span class='ocrx_word' id='word_1_208' title='bbox 446 3009 621 3078; x_wconf 85' lang='lat' dir='ltr'>pergerent,</span> <span class='ocrx_word' id='word_1_209' title='bbox 636 2999 662 3058; x_wconf 89' lang='lat' dir='ltr'>si</span> <span class='ocrx_word' id='word_1_210' title='bbox 681 2999 786 3078; x_wconf 85' lang='lat' dir='ltr'>fulgor</span> <span class='ocrx_word' id='word_1_211' title='bbox 799 3010 831 3059; x_wconf 92' lang='lat' dir='ltr'>et</span> <span class='ocrx_word' id='word_1_212' title='bbox 846 3000 998 3059; x_wconf 90' lang='lat' dir='ltr'>claritudo</span> <span class='ocrx_word' id='word_1_213' title='bbox 1013 3001 1094 3060; x_wconf 88' lang='lat' dir='ltr'>deae</span> <span class='ocrx_word' id='word_1_214' title='bbox 1129 3017 1144 3061; x_wconf 82' lang='lat'><strong>5</strong></span> 
     </span>
     <span class='ocr_line' id='line_1_31' title="bbox 142 3096 1090 3177; baseline 0.001 -22"><span class='ocrx_word' id='word_1_215' title='bbox 142 3097 335 3156; x_wconf 88' lang='lat' dir='ltr'>redderetur.</span> <span class='ocrx_word' id='word_1_216' title='bbox 377 3097 479 3176; x_wconf 79' lang='lat' dir='ltr'>igitur</span> <span class='ocrx_word' id='word_1_217' title='bbox 500 3096 578 3155; x_wconf 87' lang='lat' dir='ltr'>aeris</span> <span class='ocrx_word' id='word_1_218' title='bbox 602 3115 687 3168; x_wconf 88' lang='lat' dir='ltr'>sonu,</span> <span class='ocrx_word' id='word_1_219' title='bbox 708 3096 853 3156; x_wconf 87' lang='lat' dir='ltr'>tubarum</span> <span class='ocrx_word' id='word_1_220' title='bbox 880 3117 1090 3177; x_wconf 91' lang='lat' dir='ltr'>cornuumque</span> 
     </span>
     <span class='ocr_line' id='line_1_32' title="bbox 142 3192 1091 3272; baseline -0.001 -21"><span class='ocrx_word' id='word_1_221' title='bbox 142 3203 296 3252; x_wconf 88' lang='lat' dir='ltr'>concentu</span> <span class='ocrx_word' id='word_1_222' title='bbox 310 3203 464 3272; x_wconf 84' lang='lat' dir='ltr'>strepere3</span> <span class='ocrx_word' id='word_1_223' title='bbox 485 3201 578 3271; x_wconf 87' lang='lat' dir='ltr'>prout</span> <span class='ocrx_word' id='word_1_224' title='bbox 598 3192 790 3270; x_wconf 90' lang='lat' dir='ltr'>splendidior</span> <span class='ocrx_word' id='word_1_225' title='bbox 810 3193 1016 3266; x_wconf 90' lang='lat' dir='ltr'>obscuriorve,</span> <span class='ocrx_word' id='word_1_226' title='bbox 1032 3195 1091 3251; x_wconf 89' lang='lat' dir='ltr'>lae-</span> 
     </span>
     <span class='ocr_line' id='line_1_33' title="bbox 142 3289 1090 3368; baseline 0.001 -20"><span class='ocrx_word' id='word_1_227' title='bbox 142 3290 203 3348; x_wconf 90' lang='lat' dir='ltr'>tari</span> <span class='ocrx_word' id='word_1_228' title='bbox 224 3302 277 3349; x_wconf 86' lang='lat' dir='ltr'>aut</span> <span class='ocrx_word' id='word_1_229' title='bbox 298 3310 451 3364; x_wconf 85' lang='lat' dir='ltr'>maerere3</span> <span class='ocrx_word' id='word_1_230' title='bbox 479 3299 512 3348; x_wconf 90' lang='lat' dir='ltr'>et</span> <span class='ocrx_word' id='word_1_231' title='bbox 535 3299 700 3368; x_wconf 88' lang='lat' dir='ltr'>postquam</span> <span class='ocrx_word' id='word_1_232' title='bbox 724 3297 812 3348; x_wconf 87' lang='lat' dir='ltr'>ortae</span> <span class='ocrx_word' id='word_1_233' title='bbox 835 3289 931 3348; x_wconf 88' lang='lat' dir='ltr'>nubes</span> <span class='ocrx_word' id='word_1_234' title='bbox 957 3289 1090 3349; x_wconf 87' lang='lat' dir='ltr'>offecere</span> 
     </span>
     <span class='ocr_line' id='line_1_34' title="bbox 142 3385 1090 3466; baseline 0.001 -22"><span class='ocrx_word' id='word_1_235' title='bbox 142 3386 221 3445; x_wconf 89' lang='lat' dir='ltr'>visui</span> <span class='ocrx_word' id='word_1_236' title='bbox 237 3387 450 3466; x_wconf 87' lang='lat' dir='ltr'>creditumque</span> <span class='ocrx_word' id='word_1_237' title='bbox 469 3386 629 3447; x_wconf 91' lang='lat' dir='ltr'>conditam</span> <span class='ocrx_word' id='word_1_238' title='bbox 649 3385 795 3460; x_wconf 89' lang='lat' dir='ltr'>tenebris,</span> <span class='ocrx_word' id='word_1_239' title='bbox 810 3394 846 3446; x_wconf 92' lang='lat' dir='ltr'>ut</span> <span class='ocrx_word' id='word_1_240' title='bbox 866 3395 939 3445; x_wconf 90' lang='lat' dir='ltr'>sunt</span> <span class='ocrx_word' id='word_1_241' title='bbox 960 3385 1090 3445; x_wconf 85' lang='lat' dir='ltr'>mobiles</span> 
     </span>
    </p>
   </div>
   <div class='ocr_carea' id='block_1_3' title="bbox 0 0 1294 3944">
    <p class='ocr_par' dir='ltr' id='par_1_5' title="bbox 0 0 1294 3944">
     <span class='ocr_line' id='line_1_35' title="bbox 0 0 1294 3944; baseline 0 6"><span class='ocrx_word' id='word_1_242' title='bbox 0 0 1294 3944; x_wconf 95' lang='lat' dir='ltr'> </span> 
     </span>
    </p>
   </div>
  </div>
 </body>
</html>
