2580 3944
152 126 216 193 104
461 139 658 190 nxcnarrs
678 139 893 190 nacrrmns.

205 300 410 378 adoptaturus
425 318 534 371 essem,
549 298 575 358 si
588 299 654 378 ipse
668 298 865 377 imperarem.
906 297 1056 359 Ceterum
1075 299 1160 359 inter

204 416 261 457 uos
276 415 338 454 non
355 394 438 453 idem
453 414 672 474 prosperarum
687 395 948 473 adversarumque
963 414 1066 455 rerum
1080 396 1160 454 ordo

151 508 195 554 10·
204 493 280 566 erit3
301 511 373 549 nam
394 491 419 550 si
434 491 594 564 vincimus,
609 491 759 550 honorem
773 510 866 569 quem
881 490 1004 551 dederis
1018 491 1159 550 habebo:

205 589 370 648 discrimen
392 607 428 647 ac
448 588 586 666 pericula
606 607 645 647 ex
667 607 766 666 aequo
787 586 976 666 partiemur3
996 587 1101 660 immo,
1122 598 1159 647 ut

204 686 315 744 melius
329 695 384 756 est,
400 694 434 744 tu
450 685 506 743 hos
520 684 675 743 exercitus
689 703 773 762 rege,
788 683 865 741 mihi
879 682 995 742 bellum
1016 693 1049 742 et
1068 703 1157 763 proe-

205 783 318 842 liorum
346 780 465 840 incerta
492 780 591 839 trade.
632 779 763 839 Acriore
783 779 876 839 hodie
898 779 1062 858 disciplina
1081 779 1159 839 victi

206 899 299 959 quam
313 878 446 938 victores
461 886 576 957 agunt:
591 878 647 936 hos
662 876 717 949 ira,
731 876 847 949 odium,
862 875 989 936 ultionis
1003 875 1159 954 cupiditas

152 989 183 1033 15
206 976 246 1034 ad
259 975 410 1034 virtutem
425 973 586 1033 accendit:
608 973 653 1032 illi
666 992 722 1051 per
741 973 902 1033 fastidium
916 983 949 1032 et
963 973 1160 1032 contumacia

206 1073 386 1131 hebescunt.
427 1071 560 1150 Aperiat
575 1081 607 1130 et
622 1070 763 1130 recludet
784 1080 929 1131 contecta
942 1080 975 1129 et
988 1079 1160 1130 tumescen-

205 1167 251 1227 tia
264 1167 441 1228 victricium
456 1168 593 1246 partium
604 1167 734 1227 vulnera
748 1166 863 1227 bellum
877 1166 998 1245 ipsum;
1013 1185 1069 1225 nec
1083 1165 1159 1224 mihi

206 1266 307 1345 major
326 1264 359 1324 in
380 1274 435 1324 tua
455 1263 628 1343 vigilantia,
642 1262 841 1343 parsimonia,
862 1262 1023 1342 sapientia,
1044 1262 1159 1321 fiducia

206 1371 262 1434 est,
283 1381 375 1440 quam
396 1360 428 1420 in
450 1360 574 1421 Vitellii
599 1371 735 1439 torpore,
756 1358 890 1433 inscitia,
911 1358 1053 1419 saevitia.
1094 1358 1159 1418 Sed

152 1470 182 1514 20
204 1457 364 1517 meliorem
378 1457 410 1516 in
424 1456 505 1516 bello
521 1476 644 1516 oausam
659 1476 752 1536 quarn
766 1456 798 1516 in
812 1475 889 1537 pace
903 1453 1072 1531 habemus3
1087 1475 1160 1514 nam

207 1552 259 1630 qui
273 1553 456 1625 deliberant,
471 1552 688 1613 desciverunt?

250 1650 296 1708 80.
324 1648 408 1707 Dum
423 1648 582 1728 quaeritur
596 1659 728 1730 tempus,
742 1649 836 1723 locus,
849 1648 994 1728 quodque
1007 1648 1040 1708 in
1055 1668 1089 1709 re
1103 1650 1161 1709 tali

207 1744 422 1804 difficillimum
443 1755 500 1818 est,
522 1745 623 1824 prima
647 1766 720 1820 vox,
741 1746 817 1806 dum
839 1745 943 1805 animo
962 1766 1032 1825 spes
1056 1747 1160 1822 timor,

207 1842 286 1901 ratio
309 1860 395 1900 casus
416 1841 629 1916 obversantur,
651 1862 809 1922 egressum
830 1842 973 1903 cubiculo
994 1842 1161 1922 Vespasia-

207 1958 282 1996 num
297 1937 386 2016 pauci
401 1937 525 2011 militeS,
540 1939 633 1999 solito
647 1939 826 2000 assistentes
841 1940 951 2000 ordine
967 1950 1002 2000 ut
1020 1940 1161 2020 legatum

207 2033 380 2106 salutaturi,
395 2033 614 2112 imperatorem
634 2037 826 2096 salutavere:
848 2046 916 2097 tum
938 2036 1035 2096 ceteri
1056 2057 1160 2098 accur·

207 2150 284 2204 rere,
313 2130 475 2189 Caesarem
510 2141 542 2191 et
568 2131 748 2211 Augustum
776 2144 809 2194 et
836 2133 941 2194 omnia
967 2133 1160 2213 principatus

207 2227 358 2287 vocabula
373 2228 539 2288 cumulare.
580 2227 671 2288 Mens
692 2249 710 2288 a
730 2240 817 2291 metu
838 2232 879 2290 ad
899 2232 1059 2291 fortunam
1079 2241 1161 2291 tran-
1252 2236 1256 2242 '

207 2325 319 2384 sier-at:
340 2324 372 2383 in
395 2324 463 2404 ipso
484 2325 560 2384 nihil
582 2325 747 2400 tumidum,
770 2347 918 2406 arrogans
939 2327 1045 2388 autin
1068 2329 1160 2387 rebus

206 2421 296 2480 novis
310 2440 427 2479 novum
442 2420 513 2480 fuit.
555 2421 602 2482 Ut
617 2423 752 2500 primum
766 2433 872 2484 tantae
887 2423 1061 2484 altitudinis
1082 2423 1159 2484 offu-

153 2532 184 2576 10
206 2537 271 2576 sam
285 2517 381 2577 oculis
396 2517 560 2596 caliginem
582 2519 715 2599 disjecit,
730 2519 907 2579 militariter
927 2521 1051 2581 locutus
1072 2522 1157 2581 laeta

207 2613 311 2672 omnia
321 2624 353 2673 et
365 2613 519 2672 affluentia
528 2615 651 2694 excepit
662 2635 670 2689 ;
684 2635 817 2694 namque
833 2616 865 2675 id
879 2616 982 2695 ipsum
993 2617 1159 2698 opperiens

207 2707 370 2769 Mucianus
385 2709 515 2768 alacrem
530 2711 663 2770 militem
677 2711 709 2770 in
725 2712 820 2771 verba
833 2711 1019 2791 Vespasiani
1040 2713 1158 2792 adegit.

207 2803 289 2863 Tum
304 2804 563 2865 Antiochensium
578 2808 732 2867 theatrum
754 2806 918 2886 ingressus,
932 2808 987 2868 ubi
1007 2808 1068 2868 illis
1081 2829 1160 2868 con·

207 2900 322 2959 sultare
338 2920 404 2960 mos
419 2913 475 2975 est,
490 2914 709 2962 concurrentes
723 2903 802 2963 etin
817 2904 1028 2965 adulationem
1042 2904 1159 2965 effusos

155 3013 183 3055 15
205 2995 381 3075 alloquitur,
396 2999 471 3057 satis
493 2997 623 3058 decorus
644 2999 739 3058 etiam
754 2998 874 3059 Graeca
893 3000 1048 3074 facundia,
1062 3001 1159 3062 omni·

208 3112 320 3172 umque
336 3114 413 3173 quae
429 3095 546 3155 diceret
561 3109 653 3176 atque
669 3107 776 3175 ageret
790 3109 856 3157 arte
871 3098 1005 3177 quadam
1025 3107 1160 3160 ostenta·

208 3200 267 3250 tor.
309 3190 399 3250 Nihil
427 3211 523 3272 aeque
545 3193 735 3272 provinciam
757 3193 988 3275 exercitumque
1015 3195 1159 3255 accendit

208 3307 301 3367 quam
323 3289 405 3366 quod
429 3290 625 3349 asseverabat
641 3289 812 3363 Mucianus,
827 3291 975 3351 statuisse
991 3290 1158 3350 Vitellium

209 3395 245 3445 ut
259 3383 458 3444 Germanicas
472 3384 610 3466 legiones
623 3385 654 3444 iu
671 3385 792 3465 Syriam
813 3387 853 3446 ad
874 3387 1017 3447 militiam
1030 3385 1160 3467 opulen-
