2580 3944
142 147 186 214 ta
451 158 650 209 ascum
667 158 885 209 nomana.

193 339 372 401 quanquam
404 317 512 377 edicto
544 317 716 377 monnimet
748 336 789 376 ne
814 316 886 396 quis
912 317 1052 397 quietem
1078 321 1149 400 ejus

194 417 393 493 irrumperet,
402 433 631 492 concursusque
640 413 870 491 oppidanorum
880 413 1036 492 dispom'to
1044 417 1148 476 milite

194 513 443 591 prohiberentur,
464 530 593 589 perosus
612 523 719 569 tamen
748 509 920 588 municipia
947 522 983 570 et
1008 512 1147 573 colonias

140 625 157 670 5
195 609 361 686 omniaque
381 607 414 665 in
437 606 613 665 continenti
635 606 705 677 sita,
728 607 864 683 Capreas
889 626 925 665 se
951 606 985 665 in
1011 608 1146 668 insulam

194 705 327 775 abdidit,
351 703 445 762 trinrn
472 703 593 760 milium
612 702 696 760 freto
723 702 763 760 ab
790 703 941 762 extremis
968 703 1145 764 Surrentini

194 800 398 880 promontorii
419 800 620 879 disjunctam.
662 798 872 858 Solitudinem
898 801 968 879 ejus
991 801 1145 879 placuisse

194 899 328 956 maxime
349 896 546 966 crediderim,
560 894 707 973 qnoniam
720 895 949 972 importuosum
961 896 1045 955 circa
1057 918 1145 956 mare

194 1010 226 1054 et
240 995 294 1053 rix
308 993 439 1051 modieis
448 992 582 1071 navigiis
592 1010 691 1070 panca
703 992 858 1065 subsidia3
872 1012 973 1071 neque
986 994 1146 1072 appulerit

141 1108 172 1153 lo
193 1093 357 1172 quisquam
373 1090 432 1148 nisi
452 1110 552 1169 gnaro
565 1089 705 1148 custode.
746 1088 833 1149 Caeli
853 1090 1022 1168 temperies
1040 1092 1145 1152 hieme

192 1189 279 1247 mitis
299 1188 425 1265 objectu
445 1188 571 1260 montis,
591 1209 654 1267 quo
674 1207 768 1247 saera
791 1200 959 1248 ventorum
979 1206 1146 1269 arcentur3

193 1298 294 1346 aestas
316 1286 349 1344 in
376 1284 539 1343 favonium
558 1285 690 1344 obversa
708 1296 743 1345 et
762 1298 874 1365 aperto
892 1287 1011 1349 <areum
1030 1291 1146 1371 pelago

192 1409 396 1472 peramoena3
415 1388 695 1468 prospectabatque
710 1388 953 1466 pulcherrimum
966 1390 1079 1463 unum,
1091 1411 1147 1452 an·

192 1501 320 1567 tequam
332 1486 490 1546 Vesuvius
504 1505 593 1544 mons
607 1486 772 1544 ardescens
784 1485 897 1544 faciem
916 1486 979 1545 loci
994 1501 1145 1549 verteret.

140 1601 171 1646 1⁵
191 1586 327 1646 Graecos
354 1608 391 1646 ea
423 1588 561 1648 tenuisse
588 1587 786 1666 Capreasque
812 1586 959 1646 Telebois
984 1587 1145 1649 habitatas

192 1685 277 1744 fama
302 1685 411 1744 tradit.
452 1685 516 1745 Sed
540 1697 608 1743 tum
632 1684 777 1744 'liberius
802 1682 970 1743 duodecim
996 1683 1145 1746 uillarum

192 1782 370 1842 nominibus
383 1793 415 1841 et
435 1783 569 1842 molibus
588 1781 754 1853 insederat,
768 1790 887 1860 quanto
906 1780 1046 1841 intentus
1065 1783 1144 1842 olim

192 1880 332 1958 publicas
346 1879 386 1938 ad
399 1899 499 1952 curas,
513 1891 602 1939 tento
616 1879 801 1938 occultiores
814 1879 847 1939 in
861 1879 953 1939 luxus
972 1890 1007 1939 et
1025 1881 1144 1941 malum

192 1977 294 2035 otium
313 1976 475 2036 resolutus.
516 1977 666 2035 Manebat
681 1976 798 2055 quippe
808 1976 1018 2054 suspicionum
1031 1988 1065 2037 et
1078 1998 1146 2037 cre·

138 2087 172 2134 ao
192 2073 288 2132 dendi
309 2073 478 2145 temeritas,
493 2093 586 2152 qnam
608 2074 741 2152 Sejanus
761 2091 875 2152 sugere
895 2072 992 2132 etiam
1011 2073 1045 2132 in
1064 2075 1145 2134 urbe

192 2186 300 2234 suetus
326 2175 428 2235 acrius
454 2175 611 2247 turbabat,
633 2196 697 2235 non
723 2177 789 2254 jam
816 2175 949 2234 occultis
975 2174 1145 2234 adversum

192 2272 401 2350 Agrippinam
415 2283 448 2331 et
462 2272 621 2331 Neronem
636 2272 767 2331 insidiis.
808 2271 887 2343 Quis
906 2271 1033 2330 additus
1052 2271 1146 2331 miles

192 2370 328 2441 nuntios,
348 2370 505 2442 introitus,
519 2380 636 2448 aperta,
650 2381 771 2428 secreta
790 2368 877 2428 relnt
896 2369 930 2427 in
950 2368 1079 2427 annales
1097 2388 1147 2428 re-

192 2466 330 2540 ferebat3
350 2468 495 2546 ultroque
514 2466 715 2526 struebantur
727 2466 780 2544 qui
794 2474 961 2524 monerent
976 2463 1144 2544 perfugere

138 2575 171 2622 25
191 2563 231 2621 ad
250 2562 436 2621 Germaniae
457 2563 620 2634 exercitus,
634 2562 686 2621 rel
704 2560 908 2621 celeberrimo
926 2561 987 2620 sori
1006 2561 1144 2640 effigiem

191 2658 257 2716 diri
272 2659 408 2738 Augusti
422 2659 578 2738 amplecti,
591 2659 804 2738 populumque
817 2677 855 2718 ao
867 2668 1011 2717 senatum
1023 2657 1145 2718 auxilio

191 2774 315 2814 vocare.
355 2755 464 2835 anue
477 2768 582 2835 spreta
601 2757 641 2816 ab
661 2756 732 2829 illis,
745 2756 833 2816 relnt
846 2765 1003 2835 pararent,
1016 2754 1147 2834 objicie-

191 2850 315 2910 bantur.
