2610 3908
368 196 567 248 excusem
588 197 703 248 muln
726 196 949 249 ssmconsn.
1096 182 1160 247 147

156 375 237 417 auno
253 365 325 417 ante
338 366 447 416 natum
461 356 558 416 filium
574 356 686 416 amisit.
722 355 822 428 Quem
839 375 942 415 casum
958 365 1108 434 nequent

154 453 296 533 plerique
309 454 438 514 fortium
452 454 589 513 virorum
603 453 775 526 ambitiose,
787 472 887 532 neque
900 471 957 531 per
970 453 1108 512 lamenta

155 570 260 610 rursus
274 570 310 611 ac
323 569 493 610 maerorem
509 550 701 610 muliebriter
720 551 813 611 tulit:
834 559 866 609 et
887 550 918 609 in
940 550 1025 609 luctu
1047 549 1108 608 bel-

155 645 219 704 lum
233 647 316 705 inter
328 646 466 705 remedia
480 658 555 706 erat.
597 646 699 725 Igitur
720 645 888 725 praemissa
909 646 1013 719 classe,
1029 665 1107 726 quae
1144 661 1160 706 ὅ

154 742 294 821 pluribus
307 743 384 802 locis
399 743 548 821 praedata
560 762 710 822 magnum
731 753 763 802 et
785 743 937 802 incertum
956 751 1107 801 terrorem

154 839 280 912 faceret,
295 840 442 918 expedito
457 839 603 912 exercitu,
618 840 667 899 cui
689 860 727 899 ex
743 839 902 898 Britannis
923 838 1107 898 fortissimos

154 945 186 994 et
207 936 300 1015 longa
313 956 389 1015 pace
407 937 583 1014 exploratos
598 937 769 1009 addiderat,
784 936 824 996 ad
845 947 984 996 montem
1000 935 1107 995 Gram-

154 1033 240 1110 pium
255 1032 407 1110 pervenit,
424 1053 514 1111 quem
529 1033 596 1111 jam
617 1033 714 1092 hostis
735 1032 901 1093 insederat.
941 1031 1025 1092 Nam
1041 1032 1107 1091 Bri-

154 1127 242 1187 tanni
264 1127 340 1186 nihil
361 1128 453 1189 fracti
475 1149 597 1208 pugnae
618 1129 729 1209 prioris
751 1142 876 1202 eventu,
898 1139 930 1189 et
954 1130 1105 1190 ultionem
1129 1145 1159 1192 10

154 1233 209 1282 aut
224 1224 384 1284 servitium
406 1235 615 1304 expectantes,
629 1227 818 1305 tandemque
833 1226 918 1286 docti
933 1226 1105 1305 periculum

154 1341 316 1381 commuue
331 1323 496 1382 concordia
510 1323 763 1400 propulsandum,
777 1323 983 1402 legationibus
997 1336 1029 1382 et
1043 1323 1106 1382 foe-

155 1418 279 1478 deribus
294 1419 431 1478 omnium
450 1418 624 1478 civitatium
639 1418 719 1478 vires
740 1420 928 1478 exciverunt.
971 1419 1105 1498 Jamque

153 1535 244 1594 super
258 1515 390 1594 triginta
405 1515 490 1574 milia
504 1525 697 1599 armatorum
709 1515 945 1594 aspiciebantur,
957 1526 989 1576 et
1003 1516 1104 1576 adbuc

153 1613 297 1672 affluebat
325 1612 424 1672 omnis
446 1612 596 1691 juventus
621 1625 653 1672 et
677 1612 787 1692 quibus
816 1612 912 1672 cruda
939 1632 975 1672 ac
999 1612 1106 1674 viridis
1127 1628 1158 1674 1³

152 1720 305 1782 senectus,
328 1709 400 1769 clari
422 1709 503 1769 bello
525 1719 557 1769 et
578 1729 633 1770 sua
654 1710 782 1790 quisque
804 1710 917 1770 decora
936 1720 1104 1790 gestantes,

152 1827 223 1867 cum
248 1807 331 1866 inter
358 1807 461 1885 plures
484 1807 577 1867 duces
600 1807 716 1867 virtute
741 1817 773 1868 et
796 1827 910 1887 genere
935 1817 1103 1886 praestans,

152 1905 277 1965 nomine
293 1905 452 1984 Calgacus.
467 1906 550 1985 apud
565 1916 757 1966 contractam
772 1905 1004 1965 multitudinem
1019 1925 1104 1984 proe-

151 2002 227 2061 lium
242 2012 421 2081 poscentem
437 2003 468 2061 in
483 2003 566 2063 bunc
581 2004 708 2063 modum
722 2004 843 2063 locutus
857 2003 966 2063 fertur.

194 2099 242 2156 30.
271 2098 442 2169 ‘Quotiens
457 2119 563 2159 causas
582 2100 654 2159 belli
676 2110 708 2159 et
727 2100 944 2160 necessitatem
965 2111 1104 2161 nostram
1148 2156 1161 2178 ,

153 2190 286 2266 intueor,
302 2213 432 2272 magnus
446 2195 521 2253 milri
537 2194 657 2254 animus
671 2206 718 2254 est
732 2195 914 2255 hodiernum
931 2197 1013 2256 diem
1035 2216 1105 2255 con·
1148 2262 1152 2271 ,

154 2309 339 2369 sensumque
361 2300 498 2349 vestrum
519 2290 641 2348 initium
663 2290 814 2350 libertatis
839 2292 900 2351 toti
922 2292 1103 2352 Britanniae

154 2387 236 2461 fore;
265 2406 336 2446 nam
361 2396 394 2447 et
416 2385 552 2446 universi
575 2386 733 2447 servitutis
762 2400 914 2466 expertes,
940 2397 972 2448 et
1000 2389 1103 2448 nullae

152 2485 234 2544 ultra
258 2494 358 2544 terrae
382 2504 418 2544 ac
440 2505 479 2544 ne
504 2503 588 2544 mare
606 2483 732 2562 quidem
755 2504 897 2544 securum
921 2485 1102 2545 imminente
1141 2501 1157 2547 c

151 2581 241 2641 uobis
256 2582 352 2642 classe
368 2581 517 2642 Romana.
558 2579 609 2640 Ita
629 2581 781 2660 proelium
803 2592 895 2660 atque
917 2602 1010 2655 arma,
1025 2603 1103 2663 quae

150 2677 283 2738 fortibus
303 2680 442 2744 honesta.
458 2678 566 2737 eadem
589 2677 683 2737 etiam
705 2677 826 2754 ignavis
848 2677 1002 2738 tutissima
1023 2688 1104 2740 suut.

151 2773 273 2834 Priores
285 2796 415 2855 pugnae,
427 2776 537 2855 quibus
548 2776 696 2835 adversus
708 2775 866 2837 Romanos
878 2776 965 2836 varia
978 2776 1104 2837 fortuna

150 2882 304 2931 certatum
326 2883 381 2945 est,
406 2893 492 2952 spem
517 2893 552 2933 ac
575 2872 744 2933 subsidium
770 2873 800 2933 in
825 2873 938 2933 nostris
962 2875 1102 2934 manibus

149 2969 314 3042 habebant,
329 2970 401 3049 quia
421 2970 607 3030 nobilissimi
628 2971 724 3030 totius
746 2970 926 3031 Britanniae
950 2992 1049 3051 eoque
1071 2972 1101 3031 in
1124 2986 1155 3032 ιο

149 3064 223 3142 ipsis
235 3066 445 3143 penetralibus
456 3066 507 3127 siti
522 3087 579 3126 nec
590 3067 790 3126 servienti-um
805 3068 897 3128 litora
908 3068 1100 3147 aspicientes,

150 3163 256 3221 oculos
270 3182 391 3241 quoque
406 3182 424 3221 a
438 3173 584 3222 contactu
595 3163 816 3223 dominationis
830 3163 997 3225 inviolatos
1010 3165 1102 3223 habe-

148 3257 266 3317 bamus.
308 3258 376 3318 Nos
397 3267 551 3318 terrarum
565 3278 602 3318 ac
615 3258 768 3318 libertatis
789 3270 943 3320 extremos
965 3278 1101 3319 recessus

148 3354 214 3432 ipse
231 3374 265 3413 ac
280 3354 365 3415 sinus
379 3355 478 3415 famae
492 3355 524 3414 in
539 3355 621 3415 huuc
632 3354 715 3414 diem
726 3355 868 3415 defendit
881 3377 889 3430 ;
904 3366 996 3435 atque
1008 3376 1100 3415 omne

148 3450 289 3531 ignotum
305 3471 361 3534 pro
376 3451 539 3532 magnifico
554 3461 621 3536 est:
642 3451 695 3512 sed
712 3472 793 3512 nuuc
813 3453 963 3512 terminus
978 3451 1100 3511 Britan·
1121 3469 1150 3512 15
