2580 3944
139 176 183 240 60
442 185 640 236 uxorum
660 187 875 235 nomm

192 350 250 409 hos
261 347 408 408 Cherusci
419 346 548 406 collibus
558 345 817 419 detrudebantur,
828 346 912 405 iuter
921 366 1000 426 quos
1012 347 1144 426 insignis

192 446 353 504 Arminius
367 464 461 504 mauu
474 463 552 502 voce
565 443 694 501 vulnero
710 444 904 502 sustentabat
925 463 1079 522 pugnam:
1099 445 1146 502 in-

192 544 402 620 cubueratque
415 540 593 618 sagittariis
605 539 660 597 illa
672 552 828 617 rupturus,
838 540 871 598 ni
885 539 1056 599 Raetorum
1066 541 1146 600 Vin-

139 657 171 700 15
192 641 425 716 delicornmque
448 650 482 695 et
503 636 641 694 Gallicae
665 639 809 696 cohortes
835 638 925 716 signa
947 638 1144 717 objecissent.

192 736 274 795 Nisu
294 748 398 795 tamen
420 734 557 812 corporis
576 745 608 792 et
630 734 750 812 impetn
770 735 842 812 equi
862 736 1009 813 pervasit,
1027 737 1145 796 oblitus

191 833 304 892 faciem
325 852 381 891 sno
401 850 520 902 cruore,
539 850 578 888 ne
599 842 796 890 nosceretur:
817 832 943 910 quidam
963 833 1105 912 agnitum
1125 854 1146 894 ι

193 930 326 989 Chaucis
347 929 428 986 inter
447 927 561 986 auxilia
581 925 724 986 Romana
744 930 910 1007 agentibus
934 931 1144 1011 emissumque

192 1027 400 1086 tradiderunt.
439 1024 550 1083 Virtus
563 1044 618 1083 seu
632 1025 717 1084 fraus
731 1027 841 1085 eadem
855 1026 1054 1105 Inguiomero
1066 1028 1145 1087 effu-

138 1139 171 1184 ω
190 1124 275 1203 gium
292 1122 397 1181 dedit:
411 1122 513 1209 ceteri¹
521 1121 635 1200 passim
648 1123 808 1182 trucidati
849 1123 892 1184 Et
906 1125 1070 1204 plerosque
1083 1136 1146 1184 tra-

194 1240 269 1280 nare
283 1219 444 1297 Visurgim
463 1231 613 1278 conantes
632 1221 750 1300 injecta
769 1223 834 1281 tela
853 1235 906 1281 aut
928 1223 977 1282 ris
995 1223 1145 1296 fluuius,

192 1333 351 1398 postremo
364 1317 462 1376 moles
475 1319 631 1379 mentium
645 1331 677 1378 et
691 1320 866 1379 incidentes
881 1321 968 1399 ripae
981 1340 1144 1398 operuere.

192 1415 339 1487 Quidam,
353 1415 437 1493 turpi
456 1415 530 1494 fuga
549 1416 581 1474 iu
602 1436 722 1475 summa
743 1418 887 1476 arborum
908 1417 968 1475 nisi
986 1417 1145 1496 ramisque

191 1532 225 1570 se
246 1512 449 1584 occultantes,
463 1513 598 1573 admotis
617 1514 786 1593 sagittariis
806 1535 861 1594 per
881 1514 1051 1573 ludibrium
1069 1515 1146 1594 ligo-

137 1623 169 1668 25
190 1609 314 1683 bantur,
329 1611 406 1669 alios
420 1624 566 1690 prorutae
579 1612 704 1671 arbores
718 1613 863 1671 afflixere.

233 1708 281 1765 18.
321 1707 438 1786 Magna
462 1729 499 1768 ea
522 1709 655 1768 victoria
678 1730 779 1790 neque
802 1720 933 1769 cruenta
955 1709 1047 1768 nobis
1068 1708 1144 1770 fuir.

193 1804 310 1875 Quinta
321 1806 360 1865 ab
371 1806 447 1865 hora
461 1807 524 1865 diei
538 1806 578 1866 ad
589 1817 713 1866 noctem
727 1807 809 1867 caesi
822 1807 928 1866 hostes
937 1807 1048 1865 decern
1057 1807 1145 1865 milia

190 1923 336 1982 passuum
356 1904 559 1963 cadaveribus
586 1916 680 1983 atque
702 1905 795 1963 armis
814 1904 990 1982 opplevere,
1008 1904 1144 1982 repertio

192 2001 275 2060 inter
294 2002 392 2080 spolia
412 2022 520 2061 eornm
541 2006 668 2074 catenis,
688 2022 764 2079 quas
784 2002 816 2059 in
831 2000 991 2060 Romanos
1013 2012 1050 2058 ut
1078 2020 1144 2059 nou

190 2099 286 2159 dubio
300 2110 414 2158 eventu
429 2110 640 2178 portaverant.
680 2097 773 2158 Miles
786 2100 817 2157 in
837 2099 906 2156 loco
926 2097 1036 2176 proelii
1050 2097 1146 2156 Tibe·

190 2198 271 2256 rium
290 2208 506 2276 imperatorem
521 2196 669 2254 salutarit
690 2195 865 2274 struxitque
885 2214 1040 2274 aggerem,
1054 2204 1091 2252 et
1109 2194 1144 2254 in

191 2296 319 2354 modum
334 2308 532 2373 tropaeorum
546 2312 632 2351 arura
645 2292 826 2372 subscriptis
834 2292 989 2352 victarum
998 2291 1145 2369 gentium

190 2393 365 2452 nominibus
378 2391 535 2471 imposuit.

232 2492 279 2550 19.
321 2490 416 2548 Haud
428 2488 557 2567 perinde
568 2486 739 2546 Germanos
749 2487 889 2559 vulnera,
897 2485 1010 2555 luctus,
1018 2482 1146 2545 excidia

190 2607 284 2666 quam
298 2606 334 2645 ea
348 2586 466 2664 species
481 2585 588 2643 dolore
602 2596 635 2644 et
649 2585 695 2642 ira
708 2583 825 2643 offecit.
865 2582 929 2654 Qui
941 2581 1038 2640 modo
1055 2581 1146 2641 abire

190 2684 324 2743 sedibus.
350 2694 437 2742 trans
470 2681 577 2740 Albim
611 2680 782 2739 concedere
814 2679 976 2758 parabant,
1003 2696 1146 2756 puguant

191 2781 311 2843 volunt.
327 2800 412 2838 arma
426 2780 570 2857 rapiunt;
590 2779 697 2857 plebes
712 2777 871 2857 primores,
881 2777 1033 2855 juventus
1052 2795 1147 2836 senes

193 2896 304 2954 agmen
332 2876 510 2935 Romanum
536 2891 664 2954 repente
692 2876 860 2947 incursant,
887 2874 1026 2932 turbant.
1067 2870 1148 2934 Pon-

191 2985 292 3032 tremo
313 2973 454 3051 deligunt
478 2975 580 3032 locum
600 2973 727 3031 flumine
748 2983 779 3031 et
800 2971 886 3030 silvis
905 2970 1055 3042 clausum,
1072 2982 1149 3030 arta

191 3070 276 3128 intus
290 3071 419 3148 planitie
432 3083 464 3130 et
479 3071 624 3130 humida:
644 3070 738 3129 silvas
748 3087 871 3147 quoqne
884 3066 1040 3147 profunda
1051 3067 1147 3146 palus

91 3149 101 3165 ’
192 3167 339 3237 ambibat,
354 3167 399 3226 ni
387 3189 412 3225 1
403 3168 510 3246 quod
529 3167 611 3226 latus
628 3187 723 3225 unum
739 3164 921 3244 Angrirarii
940 3164 1007 3223 lato
1026 3180 1149 3244 aggere

192 3264 367 3322 extulerant
369 3285 452 3343 ‚qno
472 3285 491 3323 a
509 3264 674 3326 Cheruscis
694 3263 923 3320 dirimerentur.
963 3259 1027 3319 Hic
1045 3263 1150 3340 peden

139 3375 171 3418 to
191 3360 311 3419 astitit:
339 3361 474 3440 equitem
496 3360 677 3441 propinquis
698 3358 775 3417 lucis
796 3370 911 3430 texere,
932 3366 968 3415 ut
995 3356 1151 3436 ingre-ir

192 3457 301 3515 silvam
323 3457 497 3536 legionibus
517 3476 536 3516 a
556 3471 646 3536 tergo
666 3456 755 3515 foret
