2580 3944
140 157 204 224 116
423 176 620 226 axonam
641 176 858 227 rammam

192 353 252 413 que
266 343 299 393 et
315 333 466 412 Hispania
484 335 600 394 amilio
612 335 762 396 Vitellius
781 333 946 408 acciverat,
960 335 1147 396 immensam

140 446 171 491 10
191 431 264 491 belli
286 430 410 503 molem,
425 431 457 491 ui
478 432 636 492 Antonius
656 432 691 492 id
712 433 812 510 ipsum
832 443 977 492 metuens
997 433 1146 493 festinato

192 528 309 607 proelio
324 528 486 588 victoriam
499 530 715 608 praecepisset.
748 528 905 590 Univerao
919 549 991 588 cum
1005 529 1144 589 exercitu

192 625 335 685 secundis
356 644 375 684 a
396 625 523 684 Verona
546 627 655 685 castris
676 625 864 684 Bedriacum
884 625 989 685 venit:
1015 637 1142 704 postero

192 722 244 782 die
258 721 432 801 legionibus
443 723 482 780 ad
494 723 698 781 muniendum
709 722 850 794 retentis,
861 721 1025 781 auxiliares
1038 724 1147 782 collor-

191 829 240 879 tes
254 819 286 877 iu
303 819 543 878 Cremonensem
558 838 667 896 agrum
682 818 802 890 missae,
817 826 853 877 ut
873 818 976 896 specie
995 819 1147 897 paranda-

139 931 169 974 15
191 936 261 975 rum
276 915 433 993 copiarum
448 915 532 974 civili
553 915 668 992 praeda
688 914 803 974 milites
824 913 1057 974 imbuerentur:
1078 915 1145 994 ipse

192 1033 261 1071 cum
279 1023 426 1090 quattuor
441 1012 564 1070 milibus
578 1011 721 1090 equitum
734 1011 775 1071 ad
789 1021 937 1070 octavum
957 1030 977 1070 a
992 1009 1146 1072 Bedriaco

192 1127 381 1186 progressus,
404 1129 464 1186 quo
493 1108 636 1167 licentius
656 1107 899 1186 popularentur3
925 1108 1145 1187 exploratores,

193 1215 227 1264 ut
243 1224 309 1264 mos
323 1216 379 1276 est,
394 1204 516 1282 longius
531 1204 705 1264 cursabant

236 1301 282 1359 16.
318 1299 437 1372 Quinta
456 1300 556 1361 ferme
575 1302 653 1360 hora
671 1300 736 1359 diei
760 1309 837 1373 erat,
858 1320 930 1360 cum
950 1300 1030 1360 citus
1049 1320 1146 1380 eques

192 1398 362 1457 adventare
381 1398 496 1471 hostes,
510 1397 675 1476 praegredi
694 1416 819 1476 paucos,
832 1407 955 1457 motum
974 1396 1146 1456 stemitum-

192 1514 252 1573 que
280 1495 343 1553 late
371 1494 471 1553 audiri
498 1493 666 1554 nuntiavit.
708 1497 792 1554 Dum
811 1494 970 1554 Antonius
996 1494 1145 1573 quidnam

193 1590 350 1668 agendum
371 1591 537 1663 consultat,
552 1590 703 1651 aviditate
725 1591 887 1651 navandae
907 1610 1019 1669 operae
1032 1590 1145 1651 Arrius

193 1687 297 1745 Varus
311 1707 381 1746 cum
396 1687 634 1766 promptissimis
647 1688 788 1767 equitum
802 1687 946 1766 prorupit
959 1687 1144 1766 impulitque

192 1782 380 1841 Vitellianos
395 1783 517 1843 modica
529 1784 644 1858 caede3
666 1804 737 1843 nam
758 1784 892 1864 plurium
912 1803 1042 1843 accurm
1056 1802 1145 1844 veroa

192 1879 327 1950 fortuna,
338 1892 370 1938 et
381 1880 547 1939 acerrimus
559 1881 688 1959 quisque
700 1880 897 1960 sequentium
910 1880 1005 1960 fugae
1015 1880 1144 1941 ultimus

192 1987 279 2034 erat:
307 1995 364 2034 uec
389 1991 500 2055 sponte
523 1977 657 2036 Antonii
679 1987 892 2056 properatum,
915 1987 948 2037 et
971 1977 1041 2036 fore
1064 1997 1144 2056 quae

193 2071 371 2132 acciderant
391 2073 528 2133 rebatur.
570 2073 723 2134 Hortatus
742 2094 814 2136 suos
843 2083 878 2134 ut
904 2093 1020 2152 magno
1039 2073 1143 2135 animo

139 2185 170 2228 ro
190 2181 385 2247 capesserent
407 2190 553 2249 pugnam,
568 2170 706 2231 diductis
723 2171 757 2231 in
770 2172 870 2231 latera
881 2171 994 2232 turmis
1007 2190 1140 2230 vacuum

193 2266 297 2325 medio
312 2267 459 2346 relinquit
473 2268 543 2340 iter,
557 2288 619 2346 quo
635 2269 756 2328 Varum
775 2269 959 2348 equitesque
978 2269 1048 2349 ejus
1066 2268 1145 2328 reci·

192 2373 279 2440 peret
288 2384 296 2437 3
306 2364 410 2442 jussae
425 2365 536 2423 armari
550 2365 708 2443 legionem
721 2365 830 2426 datum
845 2385 901 2444 per
914 2384 1007 2446 agros
1019 2365 1144 2446 siguum

192 2471 237 2531 ut,
253 2479 313 2538 qua
328 2464 439 2538 cuique
454 2462 639 2540 proximum,
651 2462 765 2522 omissa
778 2463 895 2542 praeda
908 2462 1027 2542 proelio
1041 2483 1145 2522 occur-

192 2570 284 2614 reret.
320 2557 457 2616 Pavidus
472 2557 597 2617 iuterim
613 2558 715 2618 Varus
730 2560 839 2619 turbae
853 2579 980 2620 suorum
994 2559 1144 2619 miscetur

139 2666 169 2709 15
190 2651 357 2731 intulitque
374 2653 589 2712 formidinem:
610 2655 701 2733 pulsi,
717 2676 786 2715 cum
803 2655 916 2716 sauciis
935 2655 1061 2734 integri,
1074 2674 1144 2714 suo-

192 2749 328 2825 metipsi
344 2761 429 2807 metu
445 2761 477 2807 et
492 2751 642 2828 angustiis
658 2753 778 2811 viarum
792 2752 1061 2812 conflictabantur.

234 2847 281 2905 li.
310 2846 440 2905 Nullum
456 2847 487 2905 in
503 2848 556 2906 illa
570 2850 780 2927 trepidatione
795 2849 954 2909 Antonius
971 2849 1143 2910 constantia

192 2940 280 3000 ducis
292 2955 345 3001 aut
359 2943 449 3002 fortis
462 2945 568 3004 militis
579 2947 711 3005 oilie-ium
723 2945 844 3005 omisit:
859 2965 1020 3006 occursare
1031 2965 1143 3025 paven-

192 3039 285 3111 tibus,
296 3040 430 3100 retinere
442 3043 598 3114 cedentes,
612 3043 663 3101 ubi
674 3043 824 3121 plurimus
838 3043 933 3115 labor,
945 3043 1029 3102 unde
1039 3041 1143 3121 aliqua

192 3154 270 3212 epea,
293 3137 432 3209 consilio,
457 3158 561 3210 manu,
582 3159 659 3197 voce
688 3139 816 3217 insignis
844 3138 937 3210 hosti,
960 3140 1143 3218 conspicuus

138 3245 153 3288 5
192 3231 273 3291 suis:
286 3252 324 3291 eo
339 3246 497 3312 postremo
512 3235 629 3294 ardoris
644 3245 809 3314 provectus
824 3245 881 3307 est,
896 3246 931 3294 ut
945 3234 1141 3294 vexillarium

191 3329 363 3409 fugientem
373 3332 464 3391 hasta
477 3333 759 3406 transverberaret3
773 3352 845 3391 mox
856 3342 980 3411 raptum
993 3332 1142 3392 vexillum

192 3424 225 3485 in
239 3427 360 3486 hostem
372 3427 484 3486 vertit:
499 3448 560 3507 quo
571 3428 689 3507 pudore
704 3428 785 3489 haud
798 3428 902 3508 plures
912 3447 1005 3507 quam
1016 3438 1143 3489 centum
