2580 3944
254 140 319 205 154
545 156 738 203 uacuam
760 153 975 202 ramum.

307 313 417 373 animis
438 313 610 384 hominum,
630 313 662 371 in
686 312 872 372 aeternitate
898 319 1087 388 temporum,
1109 314 1147 370 ia
1174 311 1266 374 lama

252 424 284 469 ao
304 429 427 482 remm;
447 430 520 470 nam
540 410 655 469 multos
676 422 820 468 veterum
840 407 927 466 velut
947 406 1096 485 inglorios
1116 418 1150 468 et
1170 409 1267 490 igno-

306 506 383 565 biles
405 507 521 566 oblivio
545 506 667 565 obruit:
694 505 843 584 Agricola
865 503 1042 584 posteritati
1062 518 1210 568 narratus
1230 524 1265 570 et

306 603 438 662 traditus
459 616 614 681 superstes
634 602 704 660 erit.

296 1285 553 1354 uxcERPTa
577 1286 782 1352 DIALOGI
806 1287 870 1351 DE
893 1288 1216 1356 ORATORIBUS.

345 1475 374 1534 5.
402 1475 485 1534 Nam
504 1476 531 1535 si
550 1475 589 1535 ad
604 1474 774 1535 utilitatem
788 1474 872 1535 ritae
886 1475 990 1535 omnia
1010 1476 1139 1536 consilia
1159 1478 1268 1539 facta-

304 1591 365 1649 que
386 1588 492 1631 nostra
506 1571 669 1650 dirigenda
689 1582 772 1641 sunt,
786 1571 862 1650 quid
883 1584 931 1631 cst
950 1572 1050 1632 tutius
1069 1591 1165 1651 quam
1186 1594 1264 1636 eam

305 1686 448 1724 exercere
470 1682 577 1727 artem.
592 1687 652 1745 qua
674 1687 796 1745 semper
815 1681 952 1727 artuatus
973 1670 1160 1748 pmesidituu
1182 1673 1265 1732 ami-

305 1763 359 1833 cis,
374 1783 465 1841 opem
487 1763 604 1833 alienis,
621 1764 753 1822 sulutem
775 1766 1030 1843 periclitantibus,
1044 1766 1160 1825 invidis
1182 1788 1265 1829 vero

306 1873 337 1918 et
353 1858 485 1918 inimicis
499 1874 617 1918 metum
631 1874 663 1918 et
679 1872 829 1920 terrorem
844 1862 927 1921 ultro
939 1862 1031 1929 ieme.
1042 1863 1109 1941 ipse
1128 1882 1266 1927 securus

304 1970 336 2016 et
352 1955 437 2015 velut
453 1956 587 2035 quadam
603 1970 755 2034 perpetua
769 1959 911 2036 potentia
931 1978 967 2018 ac
987 1972 1143 2038 potestate
1158 1966 1267 2023 muni-

303 2055 376 2114 tus?
404 2055 494 2131 cujus
519 2054 565 2111 vis
592 2066 624 2112 et
653 2055 772 2114 utilitas
800 2055 891 2115 rebus
918 2075 1064 2134 prospere
1086 2056 1266 2121 fluentibus

304 2161 433 2220 aliorum
456 2160 600 2241 perfugio
621 2174 652 2220 et
675 2156 775 2218 tutela
795 2154 998 2232 intelligitur:
1021 2154 1069 2212 sin
1093 2158 1266 2233 proprium

304 2258 474 2336 pericnlum
496 2259 659 2338 increpuit,
680 2277 743 2316 non
764 2251 889 2312 hercule
913 2249 1007 2309 lorica
1026 2260 1059 2309 et
1078 2250 1207 2327 gladius
1229 2256 1265 2316 in

251 2370 280 2412 lo
301 2356 367 2413 acie
388 2356 506 2415 tirmins
527 2358 755 2415 nmrrimentam
770 2369 862 2429 quam
877 2367 931 2406 reo
944 2360 977 2405 et
992 2346 1182 2424 periclitanti
1198 2352 1266 2411 elo.

304 2454 440 2529 quentia.
461 2454 651 2530 praesiliant
676 2451 768 2511 simul
789 2468 825 2506 ac
846 2447 953 2515 telum,
974 2464 1036 2522 quo
1056 2461 1266 2522 propugnare

304 2548 420 2624 pariter
434 2563 464 2606 ct
480 2548 633 2607 incessere
647 2548 712 2607 sire
727 2548 758 2606 in
772 2543 902 2625 juelicio.
915 2542 982 2600 sit-e
1001 2539 1034 2597 in
1054 2552 1178 2609 senatu,
1193 2544 1267 2605 siro

304 2642 386 2720 apud
411 2644 584 2720 principem
611 2645 720 2722 possis.
763 2642 848 2713 Quid
870 2637 953 2698 aliucl
976 2635 1095 2695 infestis
1114 2639 1268 2714 patribus

304 2759 402 2816 nuper
423 2739 535 2818 Eprius
556 2739 722 2799 Marcellus
743 2761 837 2820 quam
866 2734 1075 2815 eloquentiam
1095 2752 1187 2792 suam
1210 2758 1269 2817 op·

251 2850 281 2892 15
302 2835 428 2912 posuit?
448 2855 510 2912 qua
530 2836 686 2895 accinctus
707 2850 738 2895 et
759 2838 866 2895 minax
884 2835 1034 2893 disertam
1048 2829 1188 2909 quidem,
1203 2835 1268 2895 sed

304 2931 536 2989 inexercitatam
552 2947 583 2990 ct
595 2935 663 3011 eju-3
674 2934 758 2991 modi
774 2933 978 2991 certaminum
991 2927 1099 2987 rudem
1111 2925 1268 2992 Helvidii

304 3027 488 3104 sapientiam
516 3028 618 3087 elusit.
660 3028 756 3088 Plura
783 3031 823 3088 de
852 3030 988 3088 utilitate
1013 3046 1076 3085 non
1099 3023 1182 3097 dico,
1209 3030 1267 3089 cui

303 3122 382 3201 parti
410 3124 538 3183 minime
560 3140 670 3185 contra
692 3126 848 3186 dicturum
871 3126 1051 3186 liutemum
1078 3140 1186 3182 meum
1218 3144 1269 3185 ar-

304 3219 410 3278 bitror.

344 3316 373 3373 o.
407 3317 461 3376 Ad
488 3316 682 3396 voluptatem
710 3319 862 3378 oratoriae
890 3319 1086 3398 eloquentiae
1119 3328 1267 3389 transeo,

304 3413 393 3489 cujus
413 3415 593 3493 jucunditas
609 3434 673 3473 non
692 3436 753 3475 uno
774 3416 878 3496 aliquo
899 3429 1068 3488 momento,
1082 3415 1138 3475 secl
1161 3420 1268 3479 omui-
