<?xml version="1.0" encoding="UTF-8"?>
<!DOCTYPE html PUBLIC "-//W3C//DTD XHTML 1.0 Transitional//EN"
    "http://www.w3.org/TR/xhtml1/DTD/xhtml1-transitional.dtd">
<html xmlns="http://www.w3.org/1999/xhtml" xml:lang="en" lang="en">
 <head>
  <title>
</title>
<meta http-equiv="Content-Type" content="text/html;charset=utf-8" />
  <meta name='ocr-system' content='tesseract 3.04.00' />
  <meta name='ocr-capabilities' content='ocr_page ocr_carea ocr_par ocr_line ocrx_word'/>
</head>
<body>
  <div class='ocr_page' id='page_1' title='image "./selectionsfromt00chamgoog_0065.png"; bbox 0 0 2580 3944; ppageno 0'>
   <div class='ocr_carea' id='block_1_1' title="bbox 148 139 880 210">
    <p class='ocr_par' dir='ltr' id='par_1_1' title="bbox 148 139 880 210">
     <span class='ocr_line' id='line_1_1' title="bbox 148 139 880 210; baseline 0.008 -7"><span class='ocrx_word' id='word_1_1' title='bbox 148 139 191 204; x_wconf 80' lang='lat'><strong>50</strong></span> <span class='ocrx_word' id='word_1_2' title='bbox 446 159 645 209; x_wconf 75' lang='lat' dir='ltr'><strong>axonam</strong></span> <span class='ocrx_word' id='word_1_3' title='bbox 665 159 880 210; x_wconf 72' lang='lat' dir='ltr'><strong>uaeramus.</strong></span> 
     </span>
    </p>
   </div>
   <div class='ocr_carea' id='block_1_2' title="bbox 137 316 1150 3494">
    <p class='ocr_par' dir='ltr' id='par_1_2' title="bbox 197 316 1150 689">
     <span class='ocr_line' id='line_1_2' title="bbox 239 316 1149 398; baseline 0.001 -22"><span class='ocrx_word' id='word_1_4' title='bbox 239 317 286 376; x_wconf 79' lang='lat'><strong>35.</strong></span> <span class='ocrx_word' id='word_1_5' title='bbox 328 316 376 378; x_wconf 90' lang='lat' dir='ltr'><strong>Ut</strong></span> <span class='ocrx_word' id='word_1_6' title='bbox 398 318 581 378; x_wconf 75' lang='lat' dir='ltr'>seditionem</span> <span class='ocrx_word' id='word_1_7' title='bbox 607 318 722 398; x_wconf 77' lang='lat' dir='ltr'><strong>attigit,</strong></span> <span class='ocrx_word' id='word_1_8' title='bbox 746 318 800 377; x_wconf 90' lang='lat' dir='ltr'><strong>ubi</strong></span> <span class='ocrx_word' id='word_1_9' title='bbox 820 317 974 378; x_wconf 91' lang='lat' dir='ltr'><strong>modestia</strong></span> <span class='ocrx_word' id='word_1_10' title='bbox 997 318 1149 391; x_wconf 87' lang='lat' dir='ltr'><strong>militaris,</strong></span> 
     </span>
     <span class='ocr_line' id='line_1_3' title="bbox 197 413 1149 497; baseline 0.001 -22"><span class='ocrx_word' id='word_1_11' title='bbox 197 413 251 475; x_wconf 90' lang='lat' dir='ltr'><strong>ubi</strong></span> <span class='ocrx_word' id='word_1_12' title='bbox 278 414 393 474; x_wconf 84' lang='lat' dir='ltr'><strong>veteris</strong></span> <span class='ocrx_word' id='word_1_13' title='bbox 417 414 598 494; x_wconf 90' lang='lat' dir='ltr'><strong>disciplinae</strong></span> <span class='ocrx_word' id='word_1_14' title='bbox 625 416 730 488; x_wconf 90' lang='lat' dir='ltr'><strong>decus,</strong></span> <span class='ocrx_word' id='word_1_15' title='bbox 752 435 888 495; x_wconf 89' lang='lat' dir='ltr'><strong>quonam</strong></span> <span class='ocrx_word' id='word_1_16' title='bbox 911 416 1061 485; x_wconf 84' lang='lat' dir='ltr'><strong>tribunos,</strong></span> <span class='ocrx_word' id='word_1_17' title='bbox 1085 437 1149 497; x_wconf 93' lang='lat' dir='ltr'><strong>quo</strong></span> 
     </span>
     <span class='ocr_line' id='line_1_4' title="bbox 197 510 1149 591; baseline 0 -20"><span class='ocrx_word' id='word_1_18' title='bbox 197 510 392 571; x_wconf 77' lang='lat' dir='ltr'>centuriones</span> <span class='ocrx_word' id='word_1_19' title='bbox 413 512 597 590; x_wconf 75' lang='lat' dir='ltr'><strong>exegissent,</strong></span> <span class='ocrx_word' id='word_1_20' title='bbox 616 512 764 591; x_wconf 75' lang='lat' dir='ltr'>rogitans,</span> <span class='ocrx_word' id='word_1_21' title='bbox 785 512 907 572; x_wconf 90' lang='lat' dir='ltr'><strong>nudant</strong></span> <span class='ocrx_word' id='word_1_22' title='bbox 927 513 1064 573; x_wconf 90' lang='lat' dir='ltr'><strong>universi</strong></span> <span class='ocrx_word' id='word_1_23' title='bbox 1084 534 1149 573; x_wconf 89' lang='lat' dir='ltr'><strong>cor·</strong></span> 
     </span>
     <span class='ocr_line' id='line_1_5' title="bbox 197 607 1150 689; baseline 0 -20"><span class='ocrx_word' id='word_1_24' title='bbox 197 629 281 689; x_wconf 80' lang='lat' dir='ltr'><strong>pora,</strong></span> <span class='ocrx_word' id='word_1_25' title='bbox 301 607 459 668; x_wconf 74' lang='lat' dir='ltr'><strong>cicatrices</strong></span> <span class='ocrx_word' id='word_1_26' title='bbox 480 628 518 667; x_wconf 85' lang='lat' dir='ltr'><strong>ex</strong></span> <span class='ocrx_word' id='word_1_27' title='bbox 539 608 729 681; x_wconf 85' lang='lat' dir='ltr'><strong>vulneribus,</strong></span> <span class='ocrx_word' id='word_1_28' title='bbox 746 609 910 668; x_wconf 88' lang='lat' dir='ltr'><strong>verberum</strong></span> <span class='ocrx_word' id='word_1_29' title='bbox 930 619 1020 669; x_wconf 89' lang='lat' dir='ltr'><strong>notas</strong></span> <span class='ocrx_word' id='word_1_30' title='bbox 1040 629 1150 689; x_wconf 83' lang='lat' dir='ltr'><strong>expro-</strong></span> 
     </span>
    </p>

    <p class='ocr_par' dir='ltr' id='par_1_3' title="bbox 143 705 1150 1170">
     <span class='ocr_line' id='line_1_6' title="bbox 143 705 1147 784; baseline 0 -18"><span class='ocrx_word' id='word_1_31' title='bbox 143 721 160 766; x_wconf 78' lang='lat' dir='ltr'><strong>a</strong></span> <span class='ocrx_word' id='word_1_32' title='bbox 198 707 307 780; x_wconf 82' lang='lat' dir='ltr'><strong>brant3</strong></span> <span class='ocrx_word' id='word_1_33' title='bbox 340 724 413 764; x_wconf 88' lang='lat' dir='ltr'><strong>mox</strong></span> <span class='ocrx_word' id='word_1_34' title='bbox 447 705 623 764; x_wconf 86' lang='lat' dir='ltr'><strong>indiscretis</strong></span> <span class='ocrx_word' id='word_1_35' title='bbox 650 706 778 764; x_wconf 87' lang='lat' dir='ltr'><strong>vocibus</strong></span> <span class='ocrx_word' id='word_1_36' title='bbox 811 707 911 784; x_wconf 82' lang='lat' dir='ltr'><strong>pretia</strong></span> <span class='ocrx_word' id='word_1_37' title='bbox 937 707 1147 780; x_wconf 88' lang='lat' dir='ltr'><strong>vacationum,</strong></span> 
     </span>
     <span class='ocr_line' id='line_1_7' title="bbox 197 800 1150 882; baseline 0.001 -19"><span class='ocrx_word' id='word_1_38' title='bbox 197 802 354 882; x_wconf 79' lang='lat' dir='ltr'>angustias</span> <span class='ocrx_word' id='word_1_39' title='bbox 375 801 531 880; x_wconf 87' lang='lat' dir='ltr'><strong>stipendii,</strong></span> <span class='ocrx_word' id='word_1_40' title='bbox 545 800 691 860; x_wconf 90' lang='lat' dir='ltr'><strong>duritiam</strong></span> <span class='ocrx_word' id='word_1_41' title='bbox 706 820 843 879; x_wconf 86' lang='lat' dir='ltr'><strong>operum,</strong></span> <span class='ocrx_word' id='word_1_42' title='bbox 857 821 893 862; x_wconf 89' lang='lat' dir='ltr'><strong>ao</strong></span> <span class='ocrx_word' id='word_1_43' title='bbox 906 804 1037 881; x_wconf 88' lang='lat' dir='ltr'><strong>propriis</strong></span> <span class='ocrx_word' id='word_1_44' title='bbox 1052 806 1150 864; x_wconf 90' lang='lat' dir='ltr'><strong>nomi-</strong></span> 
     </span>
     <span class='ocr_line' id='line_1_8' title="bbox 196 897 1148 979; baseline 0.001 -20"><span class='ocrx_word' id='word_1_45' title='bbox 196 900 287 960; x_wconf 91' lang='lat' dir='ltr'><strong>nibus</strong></span> <span class='ocrx_word' id='word_1_46' title='bbox 300 900 441 958; x_wconf 77' lang='lat' dir='ltr'><strong>incusant</strong></span> <span class='ocrx_word' id='word_1_47' title='bbox 455 897 579 969; x_wconf 88' lang='lat' dir='ltr'><strong>vallum,</strong></span> <span class='ocrx_word' id='word_1_48' title='bbox 589 897 694 970; x_wconf 87' lang='lat' dir='ltr'><strong>fossas,</strong></span> <span class='ocrx_word' id='word_1_49' title='bbox 705 898 818 976; x_wconf 87' lang='lat' dir='ltr'>pabuli,</span> <span class='ocrx_word' id='word_1_50' title='bbox 830 899 976 959; x_wconf 90' lang='lat' dir='ltr'><strong>materiae</strong></span> <span class='ocrx_word' id='word_1_51' title='bbox 990 901 1148 979; x_wconf 91' lang='lat' dir='ltr'><strong>lignorum</strong></span> 
     </span>
     <span class='ocr_line' id='line_1_9' title="bbox 197 994 1148 1076; baseline 0.002 -20"><span class='ocrx_word' id='word_1_52' title='bbox 197 998 353 1076; x_wconf 89' lang='lat' dir='ltr'><strong>adgestus,</strong></span> <span class='ocrx_word' id='word_1_53' title='bbox 377 1006 411 1056; x_wconf 88' lang='lat' dir='ltr'><strong>et</strong></span> <span class='ocrx_word' id='word_1_54' title='bbox 432 995 460 1055; x_wconf 90' lang='lat' dir='ltr'><strong>si</strong></span> <span class='ocrx_word' id='word_1_55' title='bbox 484 1014 546 1074; x_wconf 90' lang='lat' dir='ltr'><strong>qua</strong></span> <span class='ocrx_word' id='word_1_56' title='bbox 559 994 619 1053; x_wconf 91' lang='lat' dir='ltr'><strong>alia</strong></span> <span class='ocrx_word' id='word_1_57' title='bbox 642 1012 681 1053; x_wconf 82' lang='lat' dir='ltr'><strong>ex</strong></span> <span class='ocrx_word' id='word_1_58' title='bbox 704 996 888 1056; x_wconf 78' lang='lat' dir='ltr'><strong>necessitate</strong></span> <span class='ocrx_word' id='word_1_59' title='bbox 916 1007 971 1056; x_wconf 88' lang='lat' dir='ltr'><strong>aut</strong></span> <span class='ocrx_word' id='word_1_60' title='bbox 998 998 1148 1058; x_wconf 85' lang='lat' dir='ltr'><strong>adversus</strong></span> 
     </span>
     <span class='ocr_line' id='line_1_10' title="bbox 197 1093 1149 1170; baseline 0.001 -17"><span class='ocrx_word' id='word_1_61' title='bbox 197 1093 296 1153; x_wconf 91' lang='lat' dir='ltr'><strong>otium</strong></span> <span class='ocrx_word' id='word_1_62' title='bbox 320 1102 489 1153; x_wconf 86' lang='lat' dir='ltr'><strong>castrorum</strong></span> <span class='ocrx_word' id='word_1_63' title='bbox 510 1103 709 1170; x_wconf 89' lang='lat' dir='ltr'><strong>quaeruntur.</strong></span> <span class='ocrx_word' id='word_1_64' title='bbox 749 1093 969 1153; x_wconf 82' lang='lat' dir='ltr'><strong>Atroeissimus</strong></span> <span class='ocrx_word' id='word_1_65' title='bbox 990 1110 1149 1155; x_wconf 86' lang='lat' dir='ltr'><strong>veterano-</strong></span> 
     </span>
    </p>

    <p class='ocr_par' dir='ltr' id='par_1_4' title="bbox 144 1186 1148 1656">
     <span class='ocr_line' id='line_1_11' title="bbox 144 1186 1148 1269; baseline 0 -19"><span class='ocrx_word' id='word_1_66' title='bbox 144 1205 175 1250; x_wconf 88' lang='lat'><strong>10</strong></span> <span class='ocrx_word' id='word_1_67' title='bbox 195 1209 265 1249; x_wconf 91' lang='lat' dir='ltr'><strong>rum</strong></span> <span class='ocrx_word' id='word_1_68' title='bbox 278 1190 394 1249; x_wconf 89' lang='lat' dir='ltr'><strong>clamor</strong></span> <span class='ocrx_word' id='word_1_69' title='bbox 407 1189 572 1261; x_wconf 79' lang='lat' dir='ltr'><strong>oriebatur,</strong></span> <span class='ocrx_word' id='word_1_70' title='bbox 586 1187 639 1267; x_wconf 91' lang='lat' dir='ltr'><strong>qui</strong></span> <span class='ocrx_word' id='word_1_71' title='bbox 660 1186 779 1247; x_wconf 83' lang='lat' dir='ltr'><strong>tricena</strong></span> <span class='ocrx_word' id='word_1_72' title='bbox 800 1198 856 1248; x_wconf 91' lang='lat' dir='ltr'><strong>aut</strong></span> <span class='ocrx_word' id='word_1_73' title='bbox 875 1209 969 1269; x_wconf 88' lang='lat' dir='ltr'><strong>supra</strong></span> <span class='ocrx_word' id='word_1_74' title='bbox 989 1191 1148 1269; x_wconf 88' lang='lat' dir='ltr'><strong>stipendia</strong></span> 
     </span>
     <span class='ocr_line' id='line_1_12' title="bbox 196 1284 1148 1357; baseline 0.001 -11"><span class='ocrx_word' id='word_1_75' title='bbox 196 1299 413 1346; x_wconf 83' lang='lat' dir='ltr'><strong>numerantes:</strong></span> <span class='ocrx_word' id='word_1_76' title='bbox 440 1285 618 1345; x_wconf 85' lang='lat' dir='ltr'><strong>mederetur</strong></span> <span class='ocrx_word' id='word_1_77' title='bbox 638 1284 737 1357; x_wconf 78' lang='lat' dir='ltr'><strong>fessis,</strong></span> <span class='ocrx_word' id='word_1_78' title='bbox 757 1304 819 1344; x_wconf 91' lang='lat' dir='ltr'><strong>neu</strong></span> <span class='ocrx_word' id='word_1_79' title='bbox 840 1297 973 1345; x_wconf 86' lang='lat' dir='ltr'><strong>mortem</strong></span> <span class='ocrx_word' id='word_1_80' title='bbox 993 1287 1025 1346; x_wconf 91' lang='lat' dir='ltr'><strong>in</strong></span> <span class='ocrx_word' id='word_1_81' title='bbox 1045 1287 1148 1348; x_wconf 86' lang='lat' dir='ltr'><strong>isdem</strong></span> 
     </span>
     <span class='ocr_line' id='line_1_13' title="bbox 196 1380 1148 1462; baseline -0.001 -18"><span class='ocrx_word' id='word_1_82' title='bbox 196 1383 363 1456; x_wconf 82' lang='lat' dir='ltr'><strong>laboribus,</strong></span> <span class='ocrx_word' id='word_1_83' title='bbox 376 1381 433 1443; x_wconf 89' lang='lat' dir='ltr'><strong>sed</strong></span> <span class='ocrx_word' id='word_1_84' title='bbox 445 1382 539 1442; x_wconf 84' lang='lat' dir='ltr'><strong>linem</strong></span> <span class='ocrx_word' id='word_1_85' title='bbox 556 1391 621 1442; x_wconf 86' lang='lat' dir='ltr'><strong>tam</strong></span> <span class='ocrx_word' id='word_1_86' title='bbox 635 1380 790 1441; x_wconf 83' lang='lat' dir='ltr'><strong>exercitae</strong></span> <span class='ocrx_word' id='word_1_87' title='bbox 810 1381 949 1456; x_wconf 84' lang='lat' dir='ltr'><strong>militiae,</strong></span> <span class='ocrx_word' id='word_1_88' title='bbox 962 1402 1062 1462; x_wconf 89' lang='lat' dir='ltr'><strong>neque</strong></span> <span class='ocrx_word' id='word_1_89' title='bbox 1082 1383 1148 1443; x_wconf 90' lang='lat' dir='ltr'><strong>iuo-</strong></span> 
     </span>
     <span class='ocr_line' id='line_1_14' title="bbox 195 1477 1147 1560; baseline 0 -21"><span class='ocrx_word' id='word_1_90' title='bbox 195 1499 268 1560; x_wconf 90' lang='lat' dir='ltr'><strong>pem</strong></span> <span class='ocrx_word' id='word_1_91' title='bbox 282 1480 418 1559; x_wconf 82' lang='lat' dir='ltr'><strong>requiem</strong></span> <span class='ocrx_word' id='word_1_92' title='bbox 429 1480 570 1539; x_wconf 88' lang='lat' dir='ltr'><strong>orabant.</strong></span> <span class='ocrx_word' id='word_1_93' title='bbox 604 1478 706 1538; x_wconf 84' lang='lat' dir='ltr'><strong>Fuere</strong></span> <span class='ocrx_word' id='word_1_94' title='bbox 720 1477 815 1537; x_wconf 90' lang='lat' dir='ltr'><strong>etiam</strong></span> <span class='ocrx_word' id='word_1_95' title='bbox 829 1478 882 1556; x_wconf 92' lang='lat' dir='ltr'><strong>qui</strong></span> <span class='ocrx_word' id='word_1_96' title='bbox 896 1479 1031 1556; x_wconf 85' lang='lat' dir='ltr'><strong>legatam</strong></span> <span class='ocrx_word' id='word_1_97' title='bbox 1043 1499 1061 1538; x_wconf 87' lang='lat' dir='ltr'><strong>a</strong></span> <span class='ocrx_word' id='word_1_98' title='bbox 1071 1480 1147 1539; x_wconf 83' lang='lat' dir='ltr'><strong>diro</strong></span> 
     </span>
     <span class='ocr_line' id='line_1_15' title="bbox 195 1574 1147 1656; baseline 0 -20"><span class='ocrx_word' id='word_1_99' title='bbox 195 1576 342 1656; x_wconf 88' lang='lat' dir='ltr'><strong>Augusto</strong></span> <span class='ocrx_word' id='word_1_100' title='bbox 355 1577 517 1656; x_wconf 88' lang='lat' dir='ltr'><strong>pecuniam</strong></span> <span class='ocrx_word' id='word_1_101' title='bbox 531 1588 744 1655; x_wconf 87' lang='lat' dir='ltr'><strong>reposcerent:</strong></span> <span class='ocrx_word' id='word_1_102' title='bbox 758 1574 870 1634; x_wconf 83' lang='lat' dir='ltr'><strong>faustis</strong></span> <span class='ocrx_word' id='word_1_103' title='bbox 883 1575 914 1633; x_wconf 93' lang='lat' dir='ltr'><strong>in</strong></span> <span class='ocrx_word' id='word_1_104' title='bbox 927 1575 1147 1636; x_wconf 88' lang='lat' dir='ltr'><strong>Germanicum</strong></span> 
     </span>
    </p>

    <p class='ocr_par' dir='ltr' id='par_1_5' title="bbox 144 1673 1148 2139">
     <span class='ocr_line' id='line_1_16' title="bbox 144 1673 1148 1751; baseline 0.001 -19"><span class='ocrx_word' id='word_1_105' title='bbox 144 1688 173 1733; x_wconf 84' lang='lat'><strong>15</strong></span> <span class='ocrx_word' id='word_1_106' title='bbox 195 1673 357 1746; x_wconf 82' lang='lat' dir='ltr'><strong>ominibus,</strong></span> <span class='ocrx_word' id='word_1_107' title='bbox 372 1684 405 1732; x_wconf 90' lang='lat' dir='ltr'><strong>et</strong></span> <span class='ocrx_word' id='word_1_108' title='bbox 418 1673 444 1733; x_wconf 91' lang='lat' dir='ltr'><strong>si</strong></span> <span class='ocrx_word' id='word_1_109' title='bbox 458 1673 554 1732; x_wconf 86' lang='lat' dir='ltr'><strong>vellet</strong></span> <span class='ocrx_word' id='word_1_110' title='bbox 574 1673 746 1750; x_wconf 90' lang='lat' dir='ltr'><strong>imperium,</strong></span> <span class='ocrx_word' id='word_1_111' title='bbox 763 1682 924 1751; x_wconf 89' lang='lat' dir='ltr'><strong>promptas</strong></span> <span class='ocrx_word' id='word_1_112' title='bbox 943 1692 992 1731; x_wconf 79' lang='lat' dir='ltr'><strong>rea</strong></span> <span class='ocrx_word' id='word_1_113' title='bbox 1012 1683 1148 1733; x_wconf 89' lang='lat' dir='ltr'><strong>ostenta·</strong></span> 
     </span>
     <span class='ocr_line' id='line_1_17' title="bbox 195 1768 1147 1848; baseline 0.001 -19"><span class='ocrx_word' id='word_1_114' title='bbox 195 1789 279 1829; x_wconf 84' lang='lat' dir='ltr'><strong>vere.</strong></span> <span class='ocrx_word' id='word_1_115' title='bbox 319 1770 401 1829; x_wconf 84' lang='lat' dir='ltr'><strong>Tum</strong></span> <span class='ocrx_word' id='word_1_116' title='bbox 420 1789 505 1843; x_wconf 85' lang='lat' dir='ltr'><strong>vero,</strong></span> <span class='ocrx_word' id='word_1_117' title='bbox 521 1769 607 1848; x_wconf 89' lang='lat' dir='ltr'><strong>quasi</strong></span> <span class='ocrx_word' id='word_1_118' title='bbox 628 1770 743 1828; x_wconf 89' lang='lat' dir='ltr'><strong>scelere</strong></span> <span class='ocrx_word' id='word_1_119' title='bbox 764 1768 1038 1843; x_wconf 87' lang='lat' dir='ltr'><strong>contaminaretur,</strong></span> <span class='ocrx_word' id='word_1_120' title='bbox 1059 1789 1147 1848; x_wconf 90' lang='lat' dir='ltr'><strong>prae-</strong></span> 
     </span>
     <span class='ocr_line' id='line_1_18' title="bbox 195 1864 1145 1944; baseline 0 -18"><span class='ocrx_word' id='word_1_121' title='bbox 195 1885 267 1944; x_wconf 90' lang='lat' dir='ltr'><strong>ceps</strong></span> <span class='ocrx_word' id='word_1_122' title='bbox 295 1866 442 1926; x_wconf 90' lang='lat' dir='ltr'><strong>tribunali</strong></span> <span class='ocrx_word' id='word_1_123' title='bbox 469 1866 604 1926; x_wconf 89' lang='lat' dir='ltr'><strong>desiluit.</strong></span> <span class='ocrx_word' id='word_1_124' title='bbox 645 1866 866 1944; x_wconf 89' lang='lat' dir='ltr'><strong>Opposuerunt</strong></span> <span class='ocrx_word' id='word_1_125' title='bbox 894 1864 1023 1926; x_wconf 89' lang='lat' dir='ltr'><strong>abeunti</strong></span> <span class='ocrx_word' id='word_1_126' title='bbox 1050 1885 1145 1940; x_wconf 90' lang='lat' dir='ltr'><strong>arma,</strong></span> 
     </span>
     <span class='ocr_line' id='line_1_19' title="bbox 194 1961 1145 2042; baseline 0.002 -20"><span class='ocrx_word' id='word_1_127' title='bbox 194 1961 384 2036; x_wconf 86' lang='lat' dir='ltr'><strong>minitantes,</strong></span> <span class='ocrx_word' id='word_1_128' title='bbox 398 1963 431 2022; x_wconf 90' lang='lat' dir='ltr'><strong>ni</strong></span> <span class='ocrx_word' id='word_1_129' title='bbox 451 1963 685 2042; x_wconf 82' lang='lat' dir='ltr'><strong>regrederetur3</strong></span> <span class='ocrx_word' id='word_1_130' title='bbox 706 1972 739 2021; x_wconf 90' lang='lat' dir='ltr'><strong>at</strong></span> <span class='ocrx_word' id='word_1_131' title='bbox 760 1963 811 2022; x_wconf 91' lang='lat' dir='ltr'><strong>ille</strong></span> <span class='ocrx_word' id='word_1_132' title='bbox 832 1963 1017 2023; x_wconf 84' lang='lat' dir='ltr'><strong>moriturum</strong></span> <span class='ocrx_word' id='word_1_133' title='bbox 1039 1964 1145 2042; x_wconf 86' lang='lat' dir='ltr'><strong>potius</strong></span> 
     </span>
     <span class='ocr_line' id='line_1_20' title="bbox 195 2058 1145 2139; baseline 0.003 -22"><span class='ocrx_word' id='word_1_134' title='bbox 195 2078 288 2139; x_wconf 90' lang='lat' dir='ltr'><strong>quam</strong></span> <span class='ocrx_word' id='word_1_135' title='bbox 302 2058 396 2118; x_wconf 90' lang='lat' dir='ltr'><strong>fidem</strong></span> <span class='ocrx_word' id='word_1_136' title='bbox 409 2069 538 2119; x_wconf 88' lang='lat' dir='ltr'><strong>exueret</strong></span> <span class='ocrx_word' id='word_1_137' title='bbox 550 2059 721 2132; x_wconf 87' lang='lat' dir='ltr'><strong>clamitans,</strong></span> <span class='ocrx_word' id='word_1_138' title='bbox 735 2059 851 2119; x_wconf 85' lang='lat' dir='ltr'><strong>ferrum</strong></span> <span class='ocrx_word' id='word_1_139' title='bbox 870 2078 889 2118; x_wconf 93' lang='lat' dir='ltr'><strong>a</strong></span> <span class='ocrx_word' id='word_1_140' title='bbox 905 2060 1001 2118; x_wconf 90' lang='lat' dir='ltr'><strong>latere</strong></span> <span class='ocrx_word' id='word_1_141' title='bbox 1014 2060 1145 2138; x_wconf 86' lang='lat' dir='ltr'><strong>diripuit</strong></span> 
     </span>
    </p>

    <p class='ocr_par' dir='ltr' id='par_1_6' title="bbox 140 2155 1145 2622">
     <span class='ocr_line' id='line_1_21' title="bbox 140 2155 1144 2236; baseline 0.001 -21"><span class='ocrx_word' id='word_1_142' title='bbox 140 2169 173 2215; x_wconf 83' lang='lat' dir='ltr'><strong>ao</strong></span> <span class='ocrx_word' id='word_1_143' title='bbox 193 2156 369 2236; x_wconf 87' lang='lat' dir='ltr'><strong>elatumque</strong></span> <span class='ocrx_word' id='word_1_144' title='bbox 397 2155 557 2215; x_wconf 82' lang='lat' dir='ltr'><strong>deferebat</strong></span> <span class='ocrx_word' id='word_1_145' title='bbox 583 2155 615 2214; x_wconf 92' lang='lat' dir='ltr'><strong>in</strong></span> <span class='ocrx_word' id='word_1_146' title='bbox 639 2166 757 2235; x_wconf 90' lang='lat' dir='ltr'><strong>pectus,</strong></span> <span class='ocrx_word' id='word_1_147' title='bbox 778 2155 810 2215; x_wconf 92' lang='lat' dir='ltr'><strong>ni</strong></span> <span class='ocrx_word' id='word_1_148' title='bbox 840 2156 973 2234; x_wconf 89' lang='lat' dir='ltr'><strong>proximi</strong></span> <span class='ocrx_word' id='word_1_149' title='bbox 999 2177 1144 2236; x_wconf 90' lang='lat' dir='ltr'><strong>prensam</strong></span> 
     </span>
     <span class='ocr_line' id='line_1_22' title="bbox 195 2252 1145 2335; baseline 0.001 -24"><span class='ocrx_word' id='word_1_150' title='bbox 195 2253 337 2311; x_wconf 88' lang='lat' dir='ltr'><strong>dextram</strong></span> <span class='ocrx_word' id='word_1_151' title='bbox 352 2253 384 2312; x_wconf 86' lang='lat' dir='ltr'><strong>vi</strong></span> <span class='ocrx_word' id='word_1_152' title='bbox 397 2253 604 2313; x_wconf 83' lang='lat' dir='ltr'><strong>attinuissent</strong></span> <span class='ocrx_word' id='word_1_153' title='bbox 644 2252 796 2313; x_wconf 84' lang='lat' dir='ltr'><strong>Extrema</strong></span> <span class='ocrx_word' id='word_1_154' title='bbox 808 2266 841 2314; x_wconf 90' lang='lat' dir='ltr'><strong>et</strong></span> <span class='ocrx_word' id='word_1_155' title='bbox 856 2254 1042 2335; x_wconf 89' lang='lat' dir='ltr'><strong>conglobata</strong></span> <span class='ocrx_word' id='word_1_156' title='bbox 1062 2254 1145 2313; x_wconf 90' lang='lat' dir='ltr'><strong>inter</strong></span> 
     </span>
     <span class='ocr_line' id='line_1_23' title="bbox 193 2349 1144 2430; baseline 0.001 -22"><span class='ocrx_word' id='word_1_157' title='bbox 193 2368 227 2408; x_wconf 87' lang='lat' dir='ltr'><strong>se</strong></span> <span class='ocrx_word' id='word_1_158' title='bbox 240 2368 312 2428; x_wconf 90' lang='lat' dir='ltr'><strong>pars</strong></span> <span class='ocrx_word' id='word_1_159' title='bbox 326 2349 482 2410; x_wconf 83' lang='lat' dir='ltr'><strong>concionis</strong></span> <span class='ocrx_word' id='word_1_160' title='bbox 496 2369 540 2421; x_wconf 89' lang='lat' dir='ltr'><strong>ao,</strong></span> <span class='ocrx_word' id='word_1_161' title='bbox 551 2349 605 2409; x_wconf 85' lang='lat' dir='ltr'><strong>vix</strong></span> <span class='ocrx_word' id='word_1_162' title='bbox 619 2351 767 2410; x_wconf 82' lang='lat' dir='ltr'><strong>credibile</strong></span> <span class='ocrx_word' id='word_1_163' title='bbox 780 2351 879 2424; x_wconf 84' lang='lat' dir='ltr'><strong>dictu,</strong></span> <span class='ocrx_word' id='word_1_164' title='bbox 889 2351 1015 2430; x_wconf 89' lang='lat' dir='ltr'><strong>quidam</strong></span> <span class='ocrx_word' id='word_1_165' title='bbox 1029 2349 1144 2428; x_wconf 89' lang='lat' dir='ltr'><strong>singuli</strong></span> 
     </span>
     <span class='ocr_line' id='line_1_24' title="bbox 192 2446 1144 2525; baseline 0.001 -20"><span class='ocrx_word' id='word_1_166' title='bbox 192 2446 319 2525; x_wconf 91' lang='lat' dir='ltr'><strong>propius</strong></span> <span class='ocrx_word' id='word_1_167' title='bbox 338 2446 527 2519; x_wconf 78' lang='lat' dir='ltr'><strong>incedentes,</strong></span> <span class='ocrx_word' id='word_1_168' title='bbox 547 2446 656 2506; x_wconf 81' lang='lat' dir='ltr'><strong>feriret</strong></span> <span class='ocrx_word' id='word_1_169' title='bbox 675 2448 900 2521; x_wconf 82' lang='lat' dir='ltr'><strong>hortabantnr3</strong></span> <span class='ocrx_word' id='word_1_170' title='bbox 927 2457 960 2507; x_wconf 91' lang='lat' dir='ltr'><strong>et</strong></span> <span class='ocrx_word' id='word_1_171' title='bbox 984 2446 1071 2506; x_wconf 86' lang='lat' dir='ltr'><strong>miles</strong></span> <span class='ocrx_word' id='word_1_172' title='bbox 1091 2467 1144 2506; x_wconf 92' lang='lat' dir='ltr'><strong>no·</strong></span> 
     </span>
     <span class='ocr_line' id='line_1_25' title="bbox 192 2542 1145 2622; baseline 0 -21"><span class='ocrx_word' id='word_1_173' title='bbox 192 2542 276 2601; x_wconf 92' lang='lat' dir='ltr'><strong>mine</strong></span> <span class='ocrx_word' id='word_1_174' title='bbox 291 2542 465 2604; x_wconf 83' lang='lat' dir='ltr'><strong>Calusidius</strong></span> <span class='ocrx_word' id='word_1_175' title='bbox 485 2542 626 2602; x_wconf 83' lang='lat' dir='ltr'><strong>strictum</strong></span> <span class='ocrx_word' id='word_1_176' title='bbox 647 2543 762 2603; x_wconf 91' lang='lat' dir='ltr'><strong>obtulit</strong></span> <span class='ocrx_word' id='word_1_177' title='bbox 782 2544 931 2622; x_wconf 85' lang='lat' dir='ltr'><strong>gladium,</strong></span> <span class='ocrx_word' id='word_1_178' title='bbox 945 2542 1054 2602; x_wconf 90' lang='lat' dir='ltr'><strong>addito</strong></span> <span class='ocrx_word' id='word_1_179' title='bbox 1075 2561 1145 2602; x_wconf 88' lang='lat' dir='ltr'><strong>acu-</strong></span> 
     </span>
    </p>

    <p class='ocr_par' dir='ltr' id='par_1_7' title="bbox 138 2638 1144 2911">
     <span class='ocr_line' id='line_1_26' title="bbox 138 2638 1144 2719; baseline 0 -21"><span class='ocrx_word' id='word_1_180' title='bbox 138 2653 170 2698; x_wconf 79' lang='lat' dir='ltr'><strong>at</strong></span> <span class='ocrx_word' id='word_1_181' title='bbox 191 2639 302 2699; x_wconf 91' lang='lat' dir='ltr'><strong>tiorem</strong></span> <span class='ocrx_word' id='word_1_182' title='bbox 313 2660 389 2699; x_wconf 89' lang='lat' dir='ltr'><strong>esse.</strong></span> <span class='ocrx_word' id='word_1_183' title='bbox 421 2640 555 2699; x_wconf 85' lang='lat' dir='ltr'><strong>Saevum</strong></span> <span class='ocrx_word' id='word_1_184' title='bbox 566 2638 600 2698; x_wconf 91' lang='lat' dir='ltr'><strong>id</strong></span> <span class='ocrx_word' id='word_1_185' title='bbox 612 2640 745 2719; x_wconf 83' lang='lat' dir='ltr'><strong>malique</strong></span> <span class='ocrx_word' id='word_1_186' title='bbox 756 2640 850 2699; x_wconf 88' lang='lat' dir='ltr'><strong>moris</strong></span> <span class='ocrx_word' id='word_1_187' title='bbox 861 2641 956 2699; x_wconf 89' lang='lat' dir='ltr'><strong>etiam</strong></span> <span class='ocrx_word' id='word_1_188' title='bbox 966 2638 1144 2698; x_wconf 85' lang='lat' dir='ltr'><strong>furentibus</strong></span> 
     </span>
     <span class='ocr_line' id='line_1_27' title="bbox 192 2735 1144 2816; baseline -0.001 -22"><span class='ocrx_word' id='word_1_189' title='bbox 192 2735 303 2807; x_wconf 86' lang='lat' dir='ltr'><strong>visum,</strong></span> <span class='ocrx_word' id='word_1_190' title='bbox 318 2755 354 2794; x_wconf 90' lang='lat' dir='ltr'><strong>ae</strong></span> <span class='ocrx_word' id='word_1_191' title='bbox 368 2736 502 2814; x_wconf 87' lang='lat' dir='ltr'><strong>spatium</strong></span> <span class='ocrx_word' id='word_1_192' title='bbox 516 2737 577 2797; x_wconf 82' lang='lat' dir='ltr'><strong>fuit</strong></span> <span class='ocrx_word' id='word_1_193' title='bbox 592 2758 653 2816; x_wconf 93' lang='lat' dir='ltr'><strong>quo</strong></span> <span class='ocrx_word' id='word_1_194' title='bbox 669 2737 783 2797; x_wconf 84' lang='lat' dir='ltr'><strong>Caesar</strong></span> <span class='ocrx_word' id='word_1_195' title='bbox 803 2736 842 2796; x_wconf 92' lang='lat' dir='ltr'><strong>ab</strong></span> <span class='ocrx_word' id='word_1_196' title='bbox 863 2735 971 2796; x_wconf 88' lang='lat' dir='ltr'><strong>amicis</strong></span> <span class='ocrx_word' id='word_1_197' title='bbox 990 2735 1023 2795; x_wconf 89' lang='lat' dir='ltr'><strong>in</strong></span> <span class='ocrx_word' id='word_1_198' title='bbox 1043 2735 1144 2795; x_wconf 88' lang='lat' dir='ltr'><strong>taber·</strong></span> 
     </span>
     <span class='ocr_line' id='line_1_28' title="bbox 191 2832 518 2911; baseline 0 -20"><span class='ocrx_word' id='word_1_199' title='bbox 191 2832 336 2891; x_wconf 88' lang='lat' dir='ltr'><strong>naculum</strong></span> <span class='ocrx_word' id='word_1_200' title='bbox 350 2844 518 2911; x_wconf 87' lang='lat' dir='ltr'><strong>raperetur.</strong></span> 
     </span>
    </p>

    <p class='ocr_par' dir='ltr' id='par_1_8' title="bbox 191 2927 1144 3281">
     <span class='ocr_line' id='line_1_29' title="bbox 232 2927 1144 3009; baseline 0.001 -23"><span class='ocrx_word' id='word_1_201' title='bbox 232 2929 280 2986; x_wconf 92' lang='lat'><strong>61.</strong></span> <span class='ocrx_word' id='word_1_202' title='bbox 308 2927 410 3008; x_wconf 89' lang='lat' dir='ltr'><strong>Igitur</strong></span> <span class='ocrx_word' id='word_1_203' title='bbox 419 2931 533 3009; x_wconf 89' lang='lat' dir='ltr'><strong>cupido</strong></span> <span class='ocrx_word' id='word_1_204' title='bbox 543 2931 706 2991; x_wconf 84' lang='lat' dir='ltr'><strong>Gaesarem</strong></span> <span class='ocrx_word' id='word_1_205' title='bbox 715 2928 837 2989; x_wconf 88' lang='lat' dir='ltr'><strong>invadit</strong></span> <span class='ocrx_word' id='word_1_206' title='bbox 846 2928 988 2989; x_wconf 87' lang='lat' dir='ltr'><strong>solvendi</strong></span> <span class='ocrx_word' id='word_1_207' title='bbox 997 2947 1144 3006; x_wconf 88' lang='lat' dir='ltr'><strong>suprema</strong></span> 
     </span>
     <span class='ocr_line' id='line_1_30' title="bbox 191 3024 1144 3108; baseline 0 -24"><span class='ocrx_word' id='word_1_208' title='bbox 191 3024 342 3085; x_wconf 86' lang='lat' dir='ltr'><strong>militibus</strong></span> <span class='ocrx_word' id='word_1_209' title='bbox 356 3025 498 3107; x_wconf 88' lang='lat' dir='ltr'><strong>ducique,</strong></span> <span class='ocrx_word' id='word_1_210' title='bbox 512 3039 654 3108; x_wconf 90' lang='lat' dir='ltr'><strong>permoto</strong></span> <span class='ocrx_word' id='word_1_211' title='bbox 674 3028 714 3086; x_wconf 89' lang='lat' dir='ltr'><strong>ad</strong></span> <span class='ocrx_word' id='word_1_212' title='bbox 734 3025 964 3085; x_wconf 90' lang='lat' dir='ltr'><strong>miserationem</strong></span> <span class='ocrx_word' id='word_1_213' title='bbox 984 3024 1070 3085; x_wconf 91' lang='lat' dir='ltr'><strong>omni</strong></span> <span class='ocrx_word' id='word_1_214' title='bbox 1088 3024 1144 3103; x_wconf 89' lang='lat' dir='ltr'><strong>qui</strong></span> 
     </span>
     <span class='ocr_line' id='line_1_31' title="bbox 191 3121 1144 3204; baseline 0.003 -25"><span class='ocrx_word' id='word_1_215' title='bbox 191 3121 300 3180; x_wconf 89' lang='lat' dir='ltr'><strong>aderat</strong></span> <span class='ocrx_word' id='word_1_216' title='bbox 327 3123 466 3184; x_wconf 84' lang='lat' dir='ltr'><strong>exercitu</strong></span> <span class='ocrx_word' id='word_1_217' title='bbox 492 3125 534 3184; x_wconf 92' lang='lat' dir='ltr'><strong>ob</strong></span> <span class='ocrx_word' id='word_1_218' title='bbox 561 3125 760 3204; x_wconf 76' lang='lat' dir='ltr'><strong>propinquos,</strong></span> <span class='ocrx_word' id='word_1_219' title='bbox 788 3122 910 3194; x_wconf 79' lang='lat' dir='ltr'><strong>audeas,</strong></span> <span class='ocrx_word' id='word_1_220' title='bbox 937 3121 1072 3200; x_wconf 89' lang='lat' dir='ltr'><strong>denique</strong></span> <span class='ocrx_word' id='word_1_221' title='bbox 1099 3122 1144 3182; x_wconf 92' lang='lat' dir='ltr'><strong>ob</strong></span> 
     </span>
     <span class='ocr_line' id='line_1_32' title="bbox 191 3217 1144 3281; baseline 0 -4"><span class='ocrx_word' id='word_1_222' title='bbox 191 3237 279 3278; x_wconf 90' lang='lat' dir='ltr'><strong>casus</strong></span> <span class='ocrx_word' id='word_1_223' title='bbox 299 3218 451 3279; x_wconf 75' lang='lat' dir='ltr'><strong>bellonam</strong></span> <span class='ocrx_word' id='word_1_224' title='bbox 472 3231 504 3280; x_wconf 91' lang='lat' dir='ltr'><strong>et</strong></span> <span class='ocrx_word' id='word_1_225' title='bbox 524 3231 641 3281; x_wconf 90' lang='lat' dir='ltr'><strong>sortem</strong></span> <span class='ocrx_word' id='word_1_226' title='bbox 659 3220 829 3281; x_wconf 87' lang='lat' dir='ltr'><strong>hominum.</strong></span> <span class='ocrx_word' id='word_1_227' title='bbox 871 3218 1046 3277; x_wconf 88' lang='lat' dir='ltr'><strong>Praemisso</strong></span> <span class='ocrx_word' id='word_1_228' title='bbox 1066 3217 1144 3279; x_wconf 85' lang='lat' dir='ltr'><strong>Cae-</strong></span> 
     </span>
    </p>

    <p class='ocr_par' dir='ltr' id='par_1_9' title="bbox 137 3315 1143 3494">
     <span class='ocr_line' id='line_1_33' title="bbox 137 3315 1143 3394; baseline -0.003 -20"><span class='ocrx_word' id='word_1_229' title='bbox 137 3330 153 3374; x_wconf 78' lang='lat'><strong>5</strong></span> <span class='ocrx_word' id='word_1_230' title='bbox 192 3315 270 3390; x_wconf 85' lang='lat' dir='ltr'><strong>eina,</strong></span> <span class='ocrx_word' id='word_1_231' title='bbox 284 3326 320 3376; x_wconf 91' lang='lat' dir='ltr'><strong>nt</strong></span> <span class='ocrx_word' id='word_1_232' title='bbox 333 3318 455 3377; x_wconf 83' lang='lat' dir='ltr'><strong>occulta</strong></span> <span class='ocrx_word' id='word_1_233' title='bbox 473 3318 608 3376; x_wconf 89' lang='lat' dir='ltr'><strong>saltuum</strong></span> <span class='ocrx_word' id='word_1_234' title='bbox 627 3325 817 3377; x_wconf 91' lang='lat' dir='ltr'><strong>scrutaretur</strong></span> <span class='ocrx_word' id='word_1_235' title='bbox 841 3325 1014 3393; x_wconf 89' lang='lat' dir='ltr'><strong>pontesque</strong></span> <span class='ocrx_word' id='word_1_236' title='bbox 1035 3323 1068 3372; x_wconf 88' lang='lat' dir='ltr'><strong>et</strong></span> <span class='ocrx_word' id='word_1_237' title='bbox 1088 3332 1143 3394; x_wconf 92' lang='lat' dir='ltr'><strong>ag-</strong></span> 
     </span>
     <span class='ocr_line' id='line_1_34' title="bbox 190 3408 1142 3494; baseline -0.002 -22"><span class='ocrx_word' id='word_1_238' title='bbox 190 3434 279 3493; x_wconf 87' lang='lat' dir='ltr'><strong>geres</strong></span> <span class='ocrx_word' id='word_1_239' title='bbox 293 3413 422 3474; x_wconf 91' lang='lat' dir='ltr'><strong>humido</strong></span> <span class='ocrx_word' id='word_1_240' title='bbox 435 3414 584 3494; x_wconf 87' lang='lat' dir='ltr'><strong>paludum</strong></span> <span class='ocrx_word' id='word_1_241' title='bbox 597 3423 630 3473; x_wconf 92' lang='lat' dir='ltr'><strong>et</strong></span> <span class='ocrx_word' id='word_1_242' title='bbox 643 3412 805 3473; x_wconf 79' lang='lat' dir='ltr'><strong>fallacibus</strong></span> <span class='ocrx_word' id='word_1_243' title='bbox 819 3410 934 3491; x_wconf 90' lang='lat' dir='ltr'><strong>campis</strong></span> <span class='ocrx_word' id='word_1_244' title='bbox 954 3408 1142 3490; x_wconf 86' lang='lat' dir='ltr'><strong>imponeret,</strong></span> 
     </span>
    </p>
   </div>
   <div class='ocr_carea' id='block_1_3' title="bbox 0 0 1294 3944">
    <p class='ocr_par' dir='ltr' id='par_1_10' title="bbox 0 0 1294 3944">
     <span class='ocr_line' id='line_1_35' title="bbox 0 0 1294 3944; baseline 0 2"><span class='ocrx_word' id='word_1_245' title='bbox 0 0 1294 3944; x_wconf 95' lang='lat' dir='ltr'><strong> </strong></span> 
     </span>
    </p>
   </div>
  </div>
 </body>
</html>
