2580 3944
140 141 184 206 64
466 155 663 204 uxorum
683 157 899 206 rucuma

233 318 282 376 60.
316 314 380 374 Sed
414 313 628 386 Gennanieus,
661 315 800 374 nondum
833 327 996 395 oomperto
1029 319 1150 397 proteo·

192 413 311 472 tionem
324 431 393 470 earn
411 410 557 483 incusari,
571 410 648 470 Nilo
667 411 907 485 subvehebatur,
920 433 1010 472 orsus
1029 416 1148 494 oppido

193 528 212 568 a
232 508 369 586 Canopo
410 507 587 566 Condidere
611 507 644 566 id
666 507 814 586 Spartani
838 507 880 568 ob
903 510 1060 587 sepultum
1083 512 1149 570 illie

191 618 346 665 rectorem
373 605 464 664 naris
488 603 660 682 Canopum,
682 624 744 683 qna
770 615 959 684 tempestate
984 606 1148 666 Menelaus

138 718 155 763 5
193 702 355 762 Graeciam
375 713 520 779 repetens
535 701 694 759 diversum
708 701 749 759 ad
770 721 856 761 mare
877 713 1056 782 terramque
1074 703 1149 763 Lib

192 819 265 879 yam
279 799 423 878 dejectus
436 808 491 856 eat.
531 797 612 856 Inde
632 798 808 876 proximum
831 800 933 859 amnis
951 820 987 859 os
1005 801 1147 859 dientum

193 896 333 967 Herculi,
347 915 440 974 quem
454 895 621 974 indigenae
635 908 740 955 ortum
762 896 845 975 apud
866 917 900 956 se
919 908 953 956 et
973 897 1148 976 antiquimi-

191 1013 279 1052 mum
293 992 469 1072 perhibent,
483 1011 598 1071 eosque
613 993 667 1071 qui
687 1005 796 1072 postea
808 995 876 1072 pari
889 994 1009 1053 virtute
1027 994 1147 1053 fuerint

191 1091 225 1150 in
254 1102 498 1169 cognomentum
526 1092 596 1170 ejus
624 1091 782 1164 adscitos3
806 1111 881 1150 mox
904 1091 980 1150 risit
1002 1102 1147 1150 veterum

139 1203 170 1248 ιο
190 1187 368 1249 Thebarum
383 1206 498 1266 magna
508 1189 650 1268 vestigia.
679 1188 724 1247 Et
738 1189 907 1248 manebant
920 1188 1046 1246 structis
1058 1188 1148 1247 moli·

190 1285 251 1344 bus
262 1285 371 1344 literae
384 1286 575 1364 Aegyptiae,
589 1286 726 1365 priorem
741 1286 932 1365 opulentiam
947 1285 1147 1362 complexae3

190 1384 354 1464 jnssmque
367 1401 385 1440 e
398 1382 572 1442 senioribus
591 1384 789 1443 saeerdotum
808 1382 946 1462 patrium
965 1401 1144 1441 sermonem

192 1481 403 1560 interpreaari
417 1481 574 1540 referebat
592 1481 747 1540 habitasse
767 1479 925 1559 quondam
944 1478 1148 1557 septingenta

192 1577 278 1636 milia
305 1588 410 1636 aetate
435 1577 576 1649 militari,
597 1588 692 1655 atque
715 1596 754 1635 eo
781 1595 853 1635 cum
876 1574 1015 1634 exercitu
1038 1594 1147 1653 regem

138 1689 170 1734 15
191 1674 349 1734 Rhamsen
376 1673 489 1752 Libya,
517 1673 698 1751 Aethiopia,
725 1672 890 1749 Medisque
916 1681 951 1730 et
977 1669 1084 1729 Persis
1111 1681 1146 1729 et

192 1771 362 1830 Ractrzano
392 1790 430 1830 ao
459 1771 579 1848 Soptba
606 1769 752 1848 potitum,
780 1787 917 1847 quasque
943 1777 1044 1826 terras
1072 1766 1148 1844 Syri

192 1869 333 1927 Armenii
342 1888 396 1947 pne
410 1879 444 1928 et
457 1868 600 1946 eontigui
613 1866 814 1944 Cappadoces
826 1865 943 1934 uolunt,
953 1863 1026 1921 inde
1036 1862 1150 1940 Bithy-

192 1985 279 2037 num,
299 1967 372 2024 nino
393 1964 525 2042 Lycium
546 1965 586 2022 ad
609 1982 693 2020 mare
714 1961 844 2039 imperio
863 1959 1010 2019 tenuime.
1049 1957 1150 2036 Iege·

192 2062 308 2121 bantur
326 2072 359 2121 et
378 2062 499 2120 indicta
519 2060 666 2139 gentibus
687 2058 814 2129 tributa,
827 2057 951 2136 pondus
969 2054 1092 2134 argenti
1112 2066 1149 2115 et

138 2173 170 2218 ao
190 2159 268 2231 auri,
281 2179 429 2218 numerus
452 2177 609 2218 armornm
631 2174 842 2235 equorumque
862 2163 896 2212 et
915 2152 999 2211 dona
1017 2152 1149 2230 templis

192 2256 270 2315 ebur
282 2267 376 2336 etque
389 2256 511 2326 odores,
523 2273 660 2333 quasque
675 2252 782 2331 copias
794 2249 943 2309 frumenti
957 2259 991 2309 et
1002 2248 1148 2308 omnium

191 2354 372 2413 utensilium
385 2371 525 2432 quaeque
534 2350 622 2410 natio
629 2349 790 2429 penderet,
800 2347 883 2406 baud
903 2345 1009 2405 minus
1025 2345 1149 2422 magni-

191 2450 251 2509 fica
271 2471 366 2530 qaam
389 2469 470 2509 nuno
492 2449 525 2508 n·
546 2446 736 2507 Parthorum
760 2454 816 2504 aut
837 2442 981 2522 potentia
999 2441 1149 2502 Romana

190 2548 352 2627 jubentur.

232 2645 281 2702 61.
316 2644 462 2703 Ceterum
498 2640 703 2700 Gennanious
732 2637 802 2696 aliis
831 2653 955 2714 quoque
984 2633 1150 2695 miraculis

138 2816 141 2823 Ι
192 2739 329 2799 intendit
351 2739 498 2808 animum,
519 2757 650 2816 quorum
671 2735 838 2814 praecipua
858 2732 946 2790 inere
965 2729 1150 2791 Memnonis

192 2854 285 2894 saxea
297 2835 423 2912 effigies,
438 2835 491 2892 nbi
509 2833 605 2892 radiis
623 2832 699 2891 solis
719 2832 783 2890 ieta
804 2839 852 2888 est
872 2828 1013 2887 vocalem
1031 2845 1150 2888 sonum

193 2930 337 3001 reddens,
351 2930 557 3007 disjectasqne
570 2929 654 2987 inter
671 2938 704 2987 et
718 2927 770 2986 rix
785 2925 909 3005 pervias
924 2942 1033 2983 arenas
1044 2922 1150 2985 instar

194 3027 347 3084 montium
355 3028 486 3084 eductae
493 3024 678 3102 Pmmides
687 3024 855 3082 certamine
864 3032 896 3081 et
904 3020 1150 3099 opibusregum,

192 3123 339 3200 lacusque
359 3121 473 3180 effosa
492 3122 597 3190 burno,
611 3120 829 3197 superfluentis
841 3119 909 3178 Nili
928 3117 1151 3194 receptacula

194 3229 290 3296 atque
304 3217 378 3276 alibi
392 3218 553 3296 angustiae
566 3229 600 3275 et
614 3216 768 3294 profunda
783 3216 928 3287 altitudo,
940 3214 1035 3275 nullis
1048 3213 1153 3293 inqui·

192 3315 328 3375 rentium
349 3313 457 3392 spatiis
470 3313 681 3392 penetrabilis.
722 3311 805 3370 Exin
819 3323 950 3371 rentum
964 3309 1154 3389 Elephanti-

192 3431 255 3471 nen
277 3430 314 3470 ac
337 3411 473 3488 Syenen,
497 3409 632 3468 claustra
650 3408 726 3468 olim
751 3407 885 3467 Ronrani
904 3407 1041 3486 imperii,
1059 3411 1150 3488 qnod

140 3523 172 3568 to
193 3527 275 3567 nuno
289 3507 416 3566 rubrum
429 3505 470 3564 ad
483 3525 570 3564 mare
583 3504 725 3584 patescit.
