2580 3944
414 121 616 172 suurnmu
637 123 747 171 mnu
769 124 919 172 esurus.
1116 113 1158 176 53

149 280 354 345 secundarum
369 280 644 360 ambiguarumque
661 301 765 342 rerum
784 282 883 344 sciens
897 303 995 362 eoque
1010 282 1102 342 inter-

148 381 237 441 ritus.
279 377 381 460 Igitur
401 377 506 438 futura
519 381 647 438 volvens
668 400 730 439 nou
752 380 836 441 aliud
857 382 993 460 repperit
1007 400 1100 459 quam

150 490 186 539 ut
208 478 330 538 hostem
352 476 438 536 silvis
462 488 625 549 coerceret,
649 478 748 537 donee
772 479 870 537 saucii·
889 489 1100 559 quantumque

96 612 99 617 ·
148 574 300 655 gravioris
323 573 455 654 agminis
480 575 651 649 anteirent;
673 595 744 633 nam
767 577 869 636 medio
892 577 1043 636 montium
1069 589 1101 637 et

149 673 298 751 paludum
323 670 540 751 porrigebatur
567 672 719 750 planities,
744 692 823 750 quae
851 684 977 732 tenuem
1005 672 1101 732 aciem
1124 688 1153 732 20

148 780 317 849 pateretur.
365 767 555 847 Deliguntur
575 769 720 846 legiones,
742 769 850 847 quinta
870 769 981 830 dextro
1002 770 1100 843 lateri,

149 865 372 926 unetvicesima
388 866 421 924 in
440 866 571 937 laevum,
587 865 718 943 primani
733 865 910 925 ducendum
924 866 965 924 ad
979 885 1100 946 agmen,

148 959 354 1020 vicesimanus
368 959 532 1019 adversum
547 971 714 1018 secuturos.

204 1056 253 1117 65.
294 1057 367 1116 Nox
391 1077 447 1136 per
473 1056 596 1116 diversa
623 1056 752 1135 inquies,
775 1076 846 1116 cum
870 1057 990 1117 barbari
1014 1057 1100 1117 festis

148 1154 257 1234 epulis,
272 1153 353 1214 laeto
368 1164 470 1228 cantu,
486 1163 540 1213 aut
554 1152 634 1212 truci
649 1173 757 1212 sonore
772 1153 910 1231 subjecta
924 1155 1049 1213 vallium
1065 1174 1100 1212 ac

148 1251 326 1311 resultantis
345 1253 441 1312 saltus
460 1252 670 1329 complerent;
692 1251 775 1328 apud
791 1250 949 1309 Romanos
970 1252 1100 1310 invalidi

148 1347 245 1426 ignes,
263 1348 453 1427 interruptae
475 1368 575 1418 voces,
596 1359 689 1426 atque
711 1347 768 1424 ipsi
790 1346 901 1424 passim
925 1348 1100 1425 adjacerent

148 1444 240 1518 vull0,
253 1444 432 1505 oberrarent
452 1445 602 1518 tentoriis,
622 1445 778 1505 insomnes
799 1443 897 1522 magis
918 1464 1010 1522 quam
1031 1463 1099 1522 per·
1137 1460 1152 1504 5

148 1540 267 1619 vigiles.
301 1541 485 1621 Ducemque
499 1543 610 1603 terruit
625 1543 693 1601 dira
707 1542 810 1621 quies:
825 1561 895 1600 nam
912 1540 1099 1612 Quintilium

131 1680 133 1686 ,
147 1635 268 1698 Varum
282 1639 431 1718 sanguine
446 1639 577 1699 oblitum
592 1650 624 1699 et
636 1640 799 1718 paludibus
812 1658 963 1698 emersum
974 1659 1099 1698 cernere

147 1744 181 1794 et
195 1736 299 1796 audire
314 1737 398 1796 visus
415 1746 463 1796 est
478 1739 564 1797 velut
579 1750 751 1810 vocantem,
766 1759 828 1798 non
851 1747 955 1798 tamen
976 1738 1100 1798 obsecu-

148 1841 200 1892 tus
213 1843 246 1893 et
259 1854 386 1894 manum
399 1834 591 1894 intendentis
606 1836 783 1914 reppulisse.
814 1836 934 1916 Coepta
949 1837 1017 1896 luce
1032 1836 1100 1894 mis·

146 1947 198 1988 sae
225 1930 258 1989 in
285 1932 383 1992 latera
410 1931 556 2010 legiones,
584 1943 671 1992 metu
695 1954 735 1994 an
763 1935 966 2007 contumacia,
996 1935 1098 1994 locum
1122 1948 1151 1992 10

147 2025 317 2102 deseruere,
328 2038 420 2106 capto
434 2048 563 2107 propere
575 2049 684 2107 campo
696 2032 856 2090 humentia
867 2034 957 2092 ultra.
986 2032 1097 2112 Neque

147 2131 252 2184 tamen
265 2125 435 2199 Arminius,
451 2145 637 2205 quamquam
651 2127 748 2187 libero
763 2130 896 2201 incursu,
911 2131 1017 2190 statim
1032 2151 1098 2209 pro·

145 2221 247 2298 rupit:
274 2222 329 2281 sed
355 2231 390 2281 ut
414 2223 540 2283 haesere
565 2242 661 2283 caeno
689 2224 838 2303 fossisque
865 2226 1097 2304 impedimenta,

146 2316 262 2377 turbati
283 2318 396 2378 circum
417 2320 540 2392 milites,
561 2320 696 2380 incertus
717 2322 875 2401 signorum
895 2324 980 2396 ordo,
1001 2334 1097 2402 utque

145 2413 200 2472 tali
215 2413 244 2472 in
261 2425 399 2494 tempore
419 2416 476 2475 sibi
495 2417 624 2496 quisquc
645 2438 792 2496 properus
814 2429 846 2477 et
867 2420 969 2479 lentae
991 2420 1097 2479 adver·
1120 2437 1150 2480 15

145 2529 213 2569 sum
233 2511 363 2591 imperia
384 2532 481 2586 auree,
503 2515 671 2594 irrumpere
693 2515 864 2575 Germanos
880 2516 981 2594 jubet,
996 2517 1098 2576 clami·

143 2616 215 2667 tans
228 2613 280 2667 ‘en
293 2608 395 2669 Varus
407 2609 578 2690 eodemque
590 2612 702 2671 iterum
713 2612 776 2672 fato
788 2612 911 2672 vinctae
926 2613 1095 2691 legionesl'

145 2701 245 2763 Simul
269 2705 354 2778 haec,
380 2715 502 2766 etcum
526 2707 655 2767 delectis
677 2708 791 2768 scindit
814 2728 924 2788 agmen
949 2709 1096 2789 equisque

143 2801 277 2860 maxime
292 2803 422 2863 vulnera
440 2803 563 2883 ingerit.
604 2804 656 2863 llli
677 2805 826 2885 sanguine
848 2826 904 2866 suo
925 2816 957 2865 et
978 2807 1096 2867 lubrico

143 2898 292 2976 paludum
307 2899 463 2977 lapsantes
479 2901 613 2962 excussis
632 2902 801 2961 rectoribus
816 2903 959 2982 disjicere
980 2903 1096 2977 obvios,
1117 2918 1148 2963 ao

142 3004 300 3072 proterere
318 2995 467 3074 jacentes.
510 2997 667 3057 Plurimus
682 2998 762 3057 eirca
777 2999 893 3078 aquilas
907 3000 1002 3072 labor,
1017 3019 1096 3079 quae

143 3111 243 3170 neque
258 3093 330 3151 ferri
345 3094 510 3154 adversum
524 3094 701 3173 ingruentia
715 3095 778 3154 tela
792 3116 892 3176 neque
912 3097 966 3176 figi
988 3098 1097 3157 limosa

142 3187 238 3247 humo
253 3200 406 3268 poterant.
442 3191 575 3252 Caecina
589 3191 664 3250 dum
679 3200 833 3252 sustentat
847 3193 953 3266 aciem,
963 3193 1096 3253 suffosso

142 3303 223 3364 equo
235 3286 379 3365 delapsus
394 3287 743 3360 circumveniebantur
756 3289 855 3366 prima
869 3289 950 3368 legio
965 3309 1030 3350 sese
1045 3310 1097 3369 op
1148 3350 1154 3362 ,

142 3383 306 3461 posuisset.
346 3383 437 3445 Juvit
454 3384 590 3446 hostium
611 3384 750 3458 aviditas,
766 3385 879 3446 omissa
899 3387 993 3446 caede
1014 3405 1096 3466 prae
1119 3400 1148 3446 as
