2580 3944
351 155 609 206 nrsroamauu
629 155 741 204 mons
762 154 929 203 anemos.
1085 137 1150 202 129

145 313 233 374 cordi
260 313 402 375 custodia
421 314 541 373 clarisos
566 311 790 386 circumdedit3
817 331 925 390 eoque,
946 310 1096 371 concubia

61 466 64 472 .
144 421 245 484 nocte,
254 431 325 470 suos
338 409 452 470 liberos
465 409 596 469 Sabinus
608 418 640 468 et
651 408 867 467 Domitianum
881 407 987 467 fratris
998 408 1097 467 filium
1117 421 1146 466 at

143 507 176 566 in
191 507 380 586 Capitolium
401 505 521 577 accivit,
535 505 628 564 misso
641 524 697 584 per
712 504 854 584 neglecta
873 504 913 563 ad
928 503 1095 564 Flavianos

144 604 237 662 duces
252 603 372 676 nuntio,
383 602 436 680 qui
451 601 660 661 circumsideri
675 599 757 680 ipsos
768 609 808 672 et,
818 600 851 658 ni
866 600 1094 672 subveniretur,

143 709 226 758 artas
252 718 302 759 res
329 698 498 758 nuntiaret.
540 697 676 757 Noctem
701 698 779 757 adeo
802 697 939 774 quietam
963 696 1037 774 egit,
1057 704 1094 755 ut

143 795 267 874 digredi
281 795 347 855 sine
360 813 443 853 noxa
457 793 611 873 potuerit:
625 794 739 872 quippe
751 792 839 851 miles
849 791 973 851 Vitellii
987 791 1095 850 adver·

143 911 194 950 sus
208 891 345 970 pericula
358 890 456 963 ferox,
471 888 627 948 laboribus
641 899 673 948 et
687 887 803 966 vigiliis
823 907 932 967 parum
953 886 1093 946 intentus
1113 901 1145 946 30

143 1000 218 1060 erat,
233 997 266 1046 et
279 987 427 1046 hibernus
447 985 546 1045 imber
560 993 689 1064 repente
710 984 796 1044 fusus
817 984 922 1044 oculos
943 1001 1092 1062 auresque

142 1080 342 1160 impediebat.

184 1178 230 1237 70.
266 1178 350 1238 Luce
365 1177 465 1257 prima
481 1177 622 1250 Sabinus,
638 1186 803 1255 antequam
818 1174 953 1235 invicem
967 1172 1093 1235 hostilia

142 1282 332 1353 coeptarent,
355 1274 533 1335 Cornelium
555 1272 733 1332 Martialem
754 1292 771 1331 e
792 1272 1032 1351 primipilaribus
1054 1271 1094 1330 ad

143 1369 307 1429 Vitellium
327 1369 423 1443 misit,
444 1388 515 1428 curn
536 1369 691 1428 mandatis
712 1377 744 1427 et
765 1379 876 1447 questu
898 1367 981 1446 quod
1002 1377 1095 1446 pacta

141 1467 357 1527 turbarentur:
378 1465 605 1525 simulationem
619 1484 743 1543 prorsus
764 1474 795 1524 et
816 1463 983 1543 imaginem
1003 1463 1095 1541 depo·

141 1562 237 1623 nendi
250 1562 372 1642 imperii
390 1562 484 1622 fuisse
498 1561 538 1621 ad
553 1560 754 1641 decipiendos
774 1570 823 1621 tot
844 1561 978 1620 illustres
992 1559 1093 1620 viros:
1130 1573 1146 1619 t

143 1679 198 1719 cur
212 1659 295 1719 enim
308 1679 326 1718 e
340 1658 449 1719 rostris
470 1657 573 1717 fratris
588 1658 723 1731 domum,
738 1656 953 1717 imminentem
972 1656 1040 1716 soro
1060 1665 1094 1716 et

141 1754 300 1816 irritandis
313 1755 475 1817 hominum
490 1755 595 1828 oculis,
607 1774 699 1836 quam
709 1754 904 1815 Aventinum
919 1762 951 1814 et
966 1765 1093 1833 penates

143 1854 248 1915 uxoris
262 1854 414 1935 petisset?
433 1853 479 1914 ita
492 1853 615 1934 privato
630 1863 662 1914 et
676 1873 800 1914 omnem
815 1852 1006 1934 principatus
1027 1872 1093 1932 spe·

142 1952 221 2013 ciem
232 1952 344 2013 vitanti
356 1952 546 2013 convenisse.
577 1953 694 2013 Contra
709 1951 873 2013 Vitellium
885 1951 916 2011 in
927 1950 1092 2021 Palatium,

142 2047 175 2108 in
202 2049 301 2128 ipsam
334 2049 457 2129 imperii
485 2069 586 2109 arcem
613 2069 806 2129 regressum3
840 2050 913 2110 inde
941 2059 1093 2110 armatum
1117 2062 1146 2107 ιο

143 2165 254 2224 agmen
266 2145 421 2218 emissum,
433 2154 562 2205 stratam
576 2145 788 2205 innocentium
802 2146 950 2207 caedibus
963 2147 1094 2205 celeber-

142 2241 253 2300 rimam
281 2241 366 2301 urbis
390 2250 521 2320 partem,
541 2261 579 2301 ne
605 2242 761 2321 Capitolio
786 2243 911 2322 quidem
936 2241 1092 2302 abstineri.

143 2336 300 2416 Togatum
320 2355 432 2416 nempe
447 2356 479 2396 se
494 2346 526 2396 et
540 2356 638 2396 unum
659 2356 677 2397 e
699 2338 901 2411 senatoribus,
916 2338 989 2396 dum
1012 2337 1094 2396 inter

143 2432 370 2512 Vespasianum
384 2451 420 2492 ac
435 2432 601 2492 Vitellium
615 2433 740 2513 proeliis
755 2434 921 2513 legionum,
933 2433 1094 2512 captivita-

76 2591 79 2596 ,
142 2529 225 2589 tibus
246 2529 377 2601 urbium,
398 2528 611 2589 deditionibus
632 2530 805 2589 cohortium
821 2529 1002 2609 judicatur3
1025 2528 1092 2608 jam
1116 2543 1145 2589 lt

143 2624 302 2705 Hispaniis
326 2624 561 2705 Germaniisque
589 2636 621 2686 et
649 2625 814 2685 Britannia
840 2625 1092 2698 desciscentibus,

142 2722 270 2782 fratrem
293 2721 479 2801 Vespasiani
503 2722 651 2782 mansisse
674 2721 707 2782 in
725 2722 798 2794 fide,
821 2722 921 2782 donec
945 2723 1028 2782 ultro
1051 2723 1092 2782 ad

143 2818 341 2877 condiciones
367 2828 552 2877 vocaretur:
580 2838 689 2898 pacem
717 2827 750 2878 et
776 2818 976 2879 concordiam
999 2817 1092 2878 victis

142 2913 240 2986 utilia,
250 2913 422 2972 victoribus
436 2922 558 2973 tantum
573 2914 702 2992 pulchra
715 2934 791 2974 esse.
827 2914 862 2974 si
876 2913 1091 2974 conventionis

142 3008 310 3086 paeniteat,
320 3028 381 3067 non
393 3027 434 3081 se,
444 3029 534 3088 quem
547 3011 675 3087 pertidia
685 3010 855 3090 deceperit,
866 3009 950 3069 ferro
960 3018 1092 3088 peteret,
1113 3023 1145 3069 20

144 3125 204 3163 non
226 3104 322 3162 filium
338 3104 521 3182 Vespasiani
536 3106 589 3164 vix
605 3106 802 3185 puberem-
812 3116 963 3186 quantum
984 3105 1093 3165 occisis

143 3220 205 3258 uno
227 3218 300 3258 seue
321 3208 353 3259 et
374 3219 437 3259 uno
452 3200 570 3278 juvene
590 3201 834 3280 proficii—iret
854 3201 979 3261 obviam
1000 3201 1092 3279 legio·

142 3295 233 3355 nibus
241 3305 274 3355 et
282 3296 451 3355 desumma
459 3316 563 3356 rerum
573 3297 636 3357 illic
647 3307 912 3358 certaret:cetera
920 3297 1091 3356 secundum

143 3402 291 3452 eventum
310 3391 421 3472 proelii
441 3411 578 3472 cessura.¹
614 3393 769 3473 Trepidus
789 3393 829 3454 ad
850 3394 927 3454 haec
941 3391 1091 3453 Vitellius

625 3490 659 3540 δῦ
