2580 3944
358 144 620 195 rrrsroamamr
641 145 751 193 traua
773 144 924 193 ramus.
1102 128 1144 194 85

141 301 224 362 enim
234 319 369 382 unquam
383 300 546 380 imperium
556 301 675 382 flagitio
685 303 858 382 quaesitum
869 302 959 362 bonis
973 301 1091 364 artibus

142 397 294 458 exercuit.¹
316 398 447 458 Galbam
462 419 629 459 consensus
641 400 764 478 generis
777 400 912 473 humani,
926 420 976 459 me
991 400 1092 460 Galba

142 492 404 554 consentientibus
419 495 515 567 vobis,
530 494 693 554 Caesarem
708 495 796 555 dixit.
825 495 858 555 Si
873 496 1045 575 respublica
1059 509 1092 558 et

142 601 268 652 senatus
281 600 313 650 et
326 591 459 670 populus
472 610 572 650 vacua
585 592 711 651 nomina
724 603 805 665 sunt,
818 604 931 666 restra,
946 594 1092 654 commili-

142 699 240 758 tones,
254 686 384 746 interest
398 708 437 746 ne
451 687 668 765 imperatorem
682 688 807 766 pessimi
823 688 949 749 faciant.
985 689 1092 768 Legio
1114 706 1144 751 15

142 804 218 843 num
232 782 344 843 seditio
359 784 505 844 adversus
519 785 613 844 duces
627 804 699 843 suos
713 785 819 844 audita
840 796 888 845 est
908 786 1091 866 aliquando:

143 891 247 940 vestra
259 879 336 940 fides
349 880 494 961 famaque
512 881 617 940 illaesa
637 881 677 940 ad
698 883 780 942 huuc
801 883 884 942 diem
906 884 1038 944 mansit:
1059 895 1092 943 et

142 977 175 1036 N
177 997 229 1037 ero
244 996 365 1057 quoque
380 998 436 1038 vos
450 977 602 1048 destituit,
616 998 679 1037 non
699 998 755 1037 vos
775 979 943 1040 Neronem
985 979 1092 1040 Minus

143 1073 271 1152 triginta
283 1074 462 1153 transfugae
477 1085 509 1134 et
523 1074 705 1148 desertorea,
720 1095 797 1154 quos
811 1078 1023 1137 centurionem
1038 1089 1092 1136 aut

143 1170 302 1231 tribunum
322 1171 381 1230 sibi
402 1171 552 1250 eligentes
573 1193 664 1231 nemo
685 1172 791 1248 ferret,
812 1175 974 1252 imperinm
1003 1175 1095 1254 assig-
1115 1187 1145 1232 20

144 1267 286 1327 nabunt?
325 1267 504 1327 Admittitis
528 1269 727 1347 exemplum?
754 1281 786 1329 et
807 1271 993 1350 quiescendo
1014 1290 1093 1329 com·

144 1383 237 1423 mune
265 1364 380 1424 crimen
408 1364 532 1423 facitis?
581 1364 773 1425 Trascendet
800 1366 876 1426 haec
908 1366 1033 1426 licentia
1060 1366 1092 1425 in

144 1460 325 1540 provincias,
340 1470 373 1520 et
387 1460 427 1518 ad
442 1479 498 1520 nos
513 1462 661 1520 scelerum
678 1463 788 1536 exitus,
801 1462 954 1522 bellorum
976 1463 1015 1523 ad
1036 1483 1093 1523 vos

144 1557 354 1637 pertinebunt.
395 1556 465 1616 Nec
492 1567 540 1617 est
561 1560 631 1638 plus
652 1561 734 1639 quod
755 1579 812 1641 pro
832 1561 927 1620 caede
947 1559 1093 1640 principis

145 1674 236 1734 quam
264 1654 347 1735 quod
371 1653 588 1716 innocentibus
613 1658 713 1732 datur,
734 1658 788 1717 sed
813 1658 941 1736 perinde
964 1676 983 1717 a
1004 1658 1093 1717 nobis
1114 1671 1145 1716 25

145 1751 328 1811 donativum
349 1751 389 1811 ob
409 1750 505 1810 fidem
526 1773 618 1833 quam
639 1756 678 1815 ab
699 1756 766 1816 aliis
785 1775 841 1834 pro
862 1755 998 1815 facinore
1019 1753 1095 1814 acci-

145 1847 253 1927 pletis!

185 1949 232 2008 40.
267 1949 432 2030 Agebatur
446 1950 507 2009 huc
520 1949 593 2010 illuc
606 1949 713 2023 Galba,
723 1949 810 2009 vario
825 1949 932 2009 turbae
946 1948 1094 2009 fluctuan-

145 2044 185 2104 tis
213 2046 355 2126 impulsu,
381 2046 545 2125 completis
572 2047 709 2126 undique
737 2047 870 2106 basilicis
899 2066 935 2106 ac
962 2045 1094 2124 templis,

145 2142 268 2223 lugubri
290 2155 473 2224 prospectu:
499 2163 599 2223 neque
619 2144 726 2222 populi
748 2153 801 2203 aut
822 2134 920 2221 plebis
942 2143 1004 2202 ulla
1024 2161 1094 2214 vox,

146 2243 200 2302 sed
222 2245 348 2306 attoniti
370 2245 474 2305 vultus
495 2253 528 2303 et
548 2260 714 2300 conversae
736 2240 773 2298 ad
796 2239 900 2299 omnia
920 2258 1017 2311 aures,
1032 2259 1093 2297 non

145 2343 306 2415 tumultus,
317 2363 379 2402 non
393 2342 489 2422 quies,
501 2339 591 2420 quale
606 2337 711 2415 magni
724 2345 825 2396 metus
839 2345 871 2395 et
886 2354 1017 2413 magnae
1032 2334 1096 2393 irae
1132 2347 1147 2392 a

146 2439 301 2498 silentium
323 2449 379 2500 est.
422 2437 540 2499 Othoni
555 2447 659 2497 tamen
674 2432 785 2493 armari
801 2433 922 2512 plebem
936 2430 1096 2490 nuntiaba

145 2546 215 2595 tur:
236 2536 280 2595 ire
294 2537 478 2617 praecipites
493 2546 525 2596 et
539 2553 689 2614 occupare
705 2530 838 2611 pericula
851 2529 952 2608 jubet.
994 2527 1095 2606 Igitur

146 2633 260 2692 milites
282 2632 423 2703 Romani,
438 2633 524 2713 quasi
546 2631 739 2711 Vologesum
761 2639 815 2687 aut
836 2625 989 2686 Pacorum
1011 2623 1095 2683 avito

147 2729 365 2788 Arsacidarum
380 2730 457 2788 solio
472 2728 637 2808 depulsuri,
647 2747 683 2786 ac
697 2746 759 2786 non
774 2724 991 2802 imperatorem
1006 2740 1095 2780 suurn

147 2825 295 2882 inermem
310 2834 343 2882 et
357 2845 461 2885 senem
480 2825 636 2885 trucidare
656 2831 830 2903 pergerent,
845 2821 976 2899 disjecta
996 2819 1095 2897 plebe,
1118 2832 1149 2876 10

147 2920 326 2996 proculcato
354 2932 471 2991 senatu,
498 2930 602 2979 truces
630 2921 730 2993 armis,
755 2918 854 2998 rapidi
883 2916 969 2994 equis
996 2915 1096 2974 sorum

149 3015 342 3093 irrumpant:
370 3035 428 3074 nec
454 3017 522 3074 illos
545 3015 690 3093 Capitolii
718 3025 860 3094 aspectus
881 3022 913 3072 et
938 3011 1096 3070 imminen-

150 3111 227 3171 tium
248 3109 432 3188 templorum
454 3110 571 3189 religio,
586 3120 618 3169 et
638 3111 755 3189 priores
776 3121 808 3171 et
822 3108 924 3179 ¹futuri
944 3107 1098 3186 principes

149 3217 284 3268 terruere
308 3226 368 3286 quo
396 3208 498 3267 minus
524 3207 663 3266 facerent
691 3207 798 3279 scelus,
822 3207 913 3286 cujus
941 3205 1023 3264 ultor
1050 3211 1098 3263 est

149 3303 286 3384 quisquis
308 3304 462 3364 successit.
1119 3311 1151 3359 1⁵

189 3402 236 3461 49.
271 3401 388 3462 Galbae
409 3421 529 3482 corpus,
545 3399 597 3460 diu
618 3401 797 3482 neglectum
817 3411 850 3461 et
870 3397 997 3460 licentia
1018 3408 1099 3458 tene-
1188 3408 1191 3414 '
