2580 3944
362 145 623 194 maronianum
644 145 756 194 aman
778 146 945 194 ruamus.
1084 127 1148 194 115

143 303 347 383 proditionis:
369 302 413 363 ira
428 303 563 364 militum
577 303 608 363 in
624 303 790 382 Tampium
806 302 992 363 Flavianum
1012 302 1096 362 incu-

144 402 221 474 buit,
236 401 320 460 nullo
333 400 470 461 criminis
485 412 676 479 argumento,
691 401 744 459 sed
763 400 827 479 jam
842 399 963 478 pridem
977 399 1094 459 invisus

143 497 267 556 turbine
288 497 421 576 quodam
444 497 483 556 ad
505 497 635 556 exitium
656 496 858 577 poscebatur:
885 495 1094 578 propinquum

144 594 275 666 Vitellii,
298 593 487 672 proditorem
516 593 657 665 Othonis,
682 592 923 672 interceptorem
952 593 1094 654 donativi
1118 609 1148 654 10

143 689 354 749 clamitabant.
383 689 452 748 Nec
463 689 636 748 defensioni
649 690 741 762 locus,
753 709 929 770 quanquam
940 691 1094 770 supplices

143 805 252 845 manus
267 786 419 860 tenderet,
433 786 520 845 humi
541 786 722 864 plerumque
744 798 869 860 stratus,
884 787 985 847 lacera
998 798 1094 861 veste,

142 892 252 962 pectus
275 893 369 961 atque
394 902 447 943 ora
471 883 607 962 singultu
633 885 792 962 quatiens3
821 884 853 942 id
884 885 986 964 ipsum
1010 886 1094 965 apud
1149 911 1152 916 ·

142 978 279 1038 infensos
293 978 529 1038 incitamentum
545 989 621 1052 erat,
633 988 780 1058 tanquam
792 981 906 1041 nimius
917 1002 1014 1060 pavor
1025 1002 1095 1042 con-

143 1074 303 1136 scientiam
318 1086 470 1154 argueret.
508 1074 704 1135 Obturbatur
725 1076 856 1136 rnilitum
871 1077 999 1138 vocibus
1012 1080 1096 1156 Apo-
1116 1094 1146 1138 15

142 1173 221 1246 nius,
236 1195 306 1233 cum
321 1173 405 1253 loqni
420 1182 596 1250 coeptaret3
618 1172 744 1232 fremitu
767 1186 798 1233 et
819 1176 952 1234 clamore
974 1185 1093 1234 ceteros

143 1281 363 1349 aspernantur:
381 1269 434 1328 uni
450 1269 590 1328 Antonio
605 1280 730 1346 apertae
744 1270 876 1330 militurn
893 1290 996 1344 aures3
1010 1261 1094 1330 nam-

143 1388 202 1448 que
224 1378 256 1428 et
277 1367 420 1427 facundia
442 1366 549 1425 aderat
571 1366 787 1446 mulcendique
812 1368 924 1446 vulgus
959 1379 1039 1427 artes
1061 1378 1093 1427 et

143 1464 320 1525 auctoritas.
361 1463 427 1524 Ubi
449 1462 630 1522 crudescere
654 1464 766 1523 seditio
789 1474 821 1523 et
843 1483 862 1522 a
886 1464 1033 1524 conviciis
1057 1484 1093 1524 ac

142 1561 261 1640 probris
275 1560 314 1619 ad
329 1561 392 1619 tela
407 1570 439 1619 et
453 1579 562 1619 manus
582 1561 764 1633 transibant,
780 1561 865 1640 injici
887 1573 1011 1620 catenas
1026 1561 1095 1620 Fla·
1114 1575 1146 1620 20

141 1657 233 1717 viano
250 1657 349 1736 jubet.
393 1656 497 1716 Sensit
518 1655 685 1717 ludibrium
706 1658 803 1731 miles,
818 1657 1014 1737 disjectisque
1036 1657 1088 1738 qui

142 1755 278 1814 tribunal
300 1753 470 1813 tuebantur
491 1764 630 1813 extrema
650 1755 697 1814 vis
721 1756 896 1834 parabatur.
937 1754 1093 1833 Opposuit

141 1851 243 1911 sinum
257 1851 417 1911 Antonius
431 1850 540 1911 stricto
561 1852 652 1925 ferro,
667 1861 721 1912 ant
741 1852 876 1911 militum
897 1871 929 1910 se
950 1851 1093 1910 manibus

142 1960 197 2010 aut
211 1948 274 2009 suis
292 1947 477 2007 moriturum
499 1949 678 2022 obtestans3
700 1959 735 2008 ut
756 1968 909 2028 quemque
930 1957 1038 2008 notum
1060 1959 1093 2008 et

142 2047 245 2126 aliquo
260 2045 386 2105 militari
401 2045 512 2105 decore
526 2045 679 2124 insignem
694 2056 865 2124 aspexerat,
879 2045 918 2104 ad
933 2044 1094 2103 ferendam
1114 2059 1145 2104 25

142 2164 234 2223 opem
249 2143 374 2203 nomine
390 2143 482 2203 ciens.
524 2142 600 2202 Mox
622 2162 788 2202 conversus
809 2143 847 2201 ad
870 2142 958 2219 signa
979 2153 1011 2200 et
1031 2140 1094 2199 bel·

141 2243 243 2301 lorum
258 2242 341 2313 deos,
356 2241 491 2300 hostium
506 2240 610 2318 potius
630 2238 816 2299 exercitibus
837 2238 923 2297 illum
944 2237 1091 2309 furorem,

141 2339 227 2398 illam
254 2337 440 2398 discordiam
468 2337 642 2416 injicerent,
670 2336 786 2406 orabat,
812 2335 910 2393 donee
934 2333 1093 2392 fatisceret

140 2435 254 2494 seditio
279 2444 312 2495 et
334 2445 473 2494 extremo
497 2436 562 2514 jam
587 2433 637 2492 die
666 2452 720 2492 sua
743 2432 870 2512 quisque
898 2431 929 2488 in
958 2429 1093 2488 tentoria

143 2531 363 2591 dilaberentur.
404 2531 568 2590 Profectus
583 2531 690 2589 eadem
706 2541 797 2588 nocte
813 2527 980 2586 Flavianus
995 2526 1093 2585 obviis
1114 2541 1146 2587 30

142 2626 327 2706 Vespasiani
341 2627 439 2686 literis
454 2627 624 2686 discrimini
639 2635 801 2704 exemptus
816 2633 871 2682 est.

185 2723 232 2783 15.
260 2722 326 2783 Ubi
347 2724 423 2782 haec
444 2733 603 2801 comperta
624 2722 773 2794 Antonia,
794 2720 952 2779 discordes
973 2718 1093 2791 animis,

143 2820 294 2880 discretos
322 2819 440 2879 viribus
467 2820 604 2879 hostiurn
633 2820 787 2879 exercitus
817 2817 945 2896 aggredi
973 2815 1092 2889 statuit,

144 2927 309 2995 antequam
324 2915 453 2975 ducibus
469 2917 647 2989 auctoritas,
659 2916 751 2975 militi
766 2914 946 2994 obsequium
962 2922 993 2971 et
1007 2914 1094 2991 junc-

144 3012 184 3072 tis
199 3013 371 3091 legionibus
385 3011 500 3070 fiducia
514 3013 640 3071 rediret.
676 3012 706 3070 N
710 3032 819 3090 umque
835 3011 966 3069 Fabium
982 3008 1093 3068 Valen-

144 3119 209 3168 teur
243 3108 419 3186 profectum
454 3109 493 3166 ab
521 3109 595 3167 urbe
631 3109 933 3185 adceleraturumque
969 3103 1095 3182 cognita
1131 3117 1146 3161 5

146 3205 296 3264 Caecinae
331 3204 508 3283 proditione
524 3205 742 3283 conjectabat3
781 3214 812 3262 et
845 3203 927 3263 lidus
962 3200 1093 3262 Vitellio

146 3301 262 3362 Fabius
280 3321 338 3361 nec
359 3301 487 3360 militiae
508 3301 642 3380 ignarus
686 3300 783 3361 Simul
805 3300 915 3379 ingens
930 3298 1095 3358 Germano·

145 3418 214 3458 rum
228 3398 278 3457 vis
299 3417 355 3477 per
369 3397 514 3457 Raetiam
536 3397 722 3486 timebatur,
744 3416 783 3455 ex
798 3395 969 3469 Britannia,
984 3391 1096 3453 Gallia·
