2610 3908
368 198 566 252 monam
586 199 701 250 vrrau
722 197 944 248 aaaroonan.
1092 181 1156 247 143

274 552 537 654 EXCERPTA¹
564 551 713 618 VITAE
743 549 1034 616 AGRICOLAE.

191 759 219 818 2.
254 755 410 836 Legimus,
425 774 495 813 cum
511 753 652 811 Aruleno
669 751 798 811 Rustico
819 749 936 809 Paetus
956 749 1103 822 Thrasea,

151 853 311 914 Herennio
331 850 494 913 Senecioni
516 849 642 909 Priscus
664 847 830 907 Helvidius
850 846 969 905 laudati
990 855 1103 918 essent,

151 952 282 1032 capitale
296 950 412 1024 fuisse3
434 968 534 1027 neque
555 947 587 1005 in
610 947 692 1023 ipsos
713 944 808 1004 modo
830 953 972 1002 auctores
992 942 1048 1001 sed
1069 942 1102 1000 in

150 1048 244 1108 libros
271 1066 393 1128 quoque
421 1065 527 1106 eorum
563 1042 725 1113 saevitum,
754 1040 898 1119 delegato
933 1038 1103 1099 triumviris

151 1144 330 1218 ministerio,
344 1155 380 1203 ut
393 1151 595 1203 monumenta
609 1138 848 1200 clarissimorum
863 1137 1058 1216 ingeniorum
1072 1136 1104 1196 in
1141 1151 1157 1197 t

150 1240 276 1302 comitio
301 1260 337 1300 ao
360 1241 430 1299 foro
456 1248 626 1298 urerentur.
671 1235 797 1295 Scilicet
820 1233 874 1293 illo
898 1233 971 1312 igne
993 1252 1103 1292 vocem
1156 1252 1159 1259 ·

150 1337 258 1419 populi
280 1336 414 1398 Romani
436 1346 467 1396 et
489 1335 664 1395 libertatem
687 1340 812 1391 senatus
830 1339 863 1388 et
881 1329 1103 1389 conscientiam

150 1435 273 1516 generis
287 1432 413 1493 humani
435 1431 549 1492 aboleri
565 1428 805 1499 arbitrabantur,
821 1425 957 1504 expulsis
978 1424 1104 1504 insuper

151 1533 319 1612 sapientiae
333 1529 557 1611 professoribus
579 1538 672 1607 atque
693 1525 778 1584 omui
799 1524 881 1583 bona
902 1533 968 1582 arte
989 1522 1021 1581 in
1043 1521 1105 1582 exi·

151 1629 227 1689 lium
241 1642 319 1703 acta,
331 1627 458 1709 nequid
475 1646 603 1706 usquam
619 1627 782 1684 honestum
796 1631 981 1681 occurreret.
1008 1619 1105 1680 Dedi·
1126 1635 1157 1683 10

151 1746 219 1786 mus
233 1727 373 1806 profecto
388 1726 504 1806 grande
520 1723 689 1804 patientiae
705 1722 948 1794 documentum3
970 1729 1001 1780 et
1022 1718 1104 1780 sicut

151 1834 240 1882 vetus
263 1832 347 1882 aetas
368 1822 447 1882 vidit
469 1821 544 1901 quid
565 1821 706 1880 ultimum
729 1819 761 1879 in
781 1819 926 1879 libertate
949 1828 1038 1890 esset,
1060 1818 1105 1877 ita

151 1939 207 1978 nos
222 1918 296 1997 quid
310 1918 342 1978 in
358 1918 517 1991 servitute,
533 1919 679 1997 adempto
699 1938 754 1997 per
773 1917 990 1997 inquisitiones
1010 1916 1105 1976 etiam

150 2015 297 2093 loquendi
319 2014 525 2093 audiendique
547 2014 750 2074 commercio:
777 2014 959 2074 memoriam
981 2031 1104 2093 quoquc

151 2109 249 2188 ipsam
263 2130 332 2168 oum
354 2130 430 2169 voce
451 2111 702 2188 perdidissemus,
718 2112 743 2172 si
758 2122 823 2171 tam
838 2111 870 2170 in
885 2121 991 2171 nostra
1005 2121 1106 2190 potes·
1127 2122 1157 2169 lt

152 2214 217 2264 tate
232 2214 313 2264 esset
327 2205 465 2265 oblivisci
481 2226 574 2285 quam
588 2219 702 2267 tacere.

192 2301 219 2360 3.
248 2300 342 2360 Nunc
356 2301 481 2360 demum
496 2302 577 2362 redit
592 2305 729 2364 animus:
744 2303 798 2363 sed
811 2323 987 2383 quanquam
1002 2303 1103 2383 primo

151 2397 257 2458 statim
278 2397 447 2458 beatissimi
468 2400 582 2459 saeculi
604 2412 674 2460 ortu
697 2402 804 2460 Nerua
826 2401 939 2461 Caesar
960 2421 1009 2460 res
1030 2400 1105 2459 olim

151 2494 360 2555 dissociabiles
370 2495 537 2570 misouerit,
547 2497 757 2577 principatum
770 2517 805 2557 ac
817 2497 1003 2570 libertatem,
1016 2515 1106 2575 auge-

151 2602 245 2671 atque
260 2593 398 2672 quotidie
419 2593 604 2654 felicitatem
625 2605 802 2674 temporum
818 2594 926 2653 Nerva
941 2594 1104 2674 Trajanus,

151 2708 208 2748 nec
222 2709 307 2769 spem
323 2689 417 2751 modo
437 2710 472 2751 ac
487 2702 595 2752 votum
617 2692 766 2752 securitas
787 2691 920 2770 publica,
934 2690 989 2749 sed
1009 2689 1105 2768 ipsius
1142 2702 1158 2748 t

150 2786 217 2845 voti
234 2786 380 2847 fiduciam
395 2807 431 2848 ac
445 2789 540 2848 robur
561 2789 748 2862 assumserit,
764 2798 876 2847 natura
896 2797 1000 2847 tamen
1023 2786 1105 2846 infir·

50 2885 59 2900 ⁶
151 2881 269 2943 mitatis
284 2887 435 2946 humanae
450 2886 589 2947 tardiora
602 2895 676 2945 sunt
690 2886 828 2945 remedia
842 2904 934 2964 quam
957 2884 1055 2956 mala,
1072 2891 1105 2942 et

151 2989 187 3038 ut
206 2998 336 3057 corpora
355 2992 462 3042 nostra
483 2983 567 3042 lente
588 2993 769 3061 augescunt,
783 2982 846 3041 cito
868 2981 1103 3060 extinguuntur,

152 3075 195 3134 sic
210 3075 334 3154 ingenia
347 3078 512 3157 studiaque
527 3077 716 3156 oppresseris
735 3077 857 3136 facilius
872 3097 964 3156 quam
979 3094 1102 3135 revoca·

151 3171 250 3231 voris:
279 3173 362 3232 subit
383 3174 497 3252 quippe
519 3174 611 3234 etiarn
632 3173 728 3254 ipsius
752 3173 884 3234 inertiae
906 3172 1048 3244 dulcedo,
1070 3180 1103 3230 et
1124 3184 1154 3230 lo

151 3266 252 3326 invisa
265 3268 366 3347 primo
380 3269 501 3330 desidia
518 3282 676 3349 postremo
698 3283 827 3331 amatur.
871 3269 979 3342 Quid?
1000 3268 1025 3327 si
1046 3285 1103 3346 per

152 3363 330 3442 quindecim
352 3385 458 3439 annos,
473 3368 591 3446 grande
606 3367 747 3426 mortalis
762 3365 831 3426 aevi
852 3365 996 3445 spatium,
1010 3361 1103 3423 multi

152 3460 290 3521 fortuitis
308 3462 439 3537 casibus,
454 3463 703 3543 promptissimus
723 3463 851 3544 quisquc
873 3461 1003 3522 saevitia
1023 3460 1105 3540 prin·
