2580 3944
337 153 599 206 msroausuu
619 150 955 202 massmannus.
1083 138 1146 202 103

140 315 309 379 Vitellium
320 315 405 394 eligi.
432 312 465 372 N
466 333 507 372 on
518 312 669 372 adversus
682 310 749 370 divi
759 309 896 388 Augusti
911 309 1092 370 acerrimam

141 423 357 486 mentem,ueo
370 411 520 483 adversus
534 406 743 468 cautissimam
757 406 875 466 Tiberii
890 417 1092 483 senectutem,

141 529 182 570 ue
192 519 301 569 contra
312 507 369 569 Cai
383 505 510 587 quidem
521 515 575 563 aut
587 503 710 562 Claudii
721 504 770 562 vel
783 503 919 563 Neronis
930 505 1092 565 fundatam
1105 521 1146 567 '15

141 605 236 684 longo
246 604 377 683 imperio
385 603 513 661 domum
523 600 730 678 exsurgimus3
745 600 862 662 cessisti
873 601 966 660 etiam
976 602 1093 663 Galbae

142 703 345 782 imaginibus:
360 711 485 778 torpere
496 700 576 758 ultra
586 709 618 757 et
630 698 828 775 polluendam
841 701 1092 780 perdendamque

142 798 366 878 rempublicam
394 795 568 872 relinquero
596 814 689 871 sopor
713 805 747 853 et
774 795 901 874 ignavia
925 798 1093 872 videretur,

142 895 237 956 etiam
253 895 279 955 si
298 895 357 955 tibi
371 911 465 972 quam
486 892 658 964 inhonesta,
673 900 739 950 tam
760 901 829 952 tuta
849 895 982 956 servitus
1003 908 1093 956 esset.

142 992 233 1052 Abiit
245 993 311 1071 jam
325 999 358 1051 et
371 998 584 1050 transvectum
598 997 647 1046 est
662 998 795 1067 tempus,
808 1011 869 1071 quo
880 1013 984 1071 posses
996 992 1094 1052 videri
1116 1006 1146 1054 20

142 1089 340 1168 concupisse:
360 1085 606 1163 confugiendum
626 1094 674 1144 est
695 1086 734 1143 ad
756 1086 929 1167 imperium.
969 1091 1022 1149 An
1044 1109 1094 1150 ex·

142 1185 219 1246 cidit
240 1185 416 1247 tmcidatus
441 1181 599 1242 Corbulo?
625 1181 836 1260 splendidiore
859 1186 976 1264 origine
1001 1206 1093 1264 quam

140 1301 199 1342 nos
225 1301 340 1356 sumus,
364 1279 475 1354 fateor,
500 1279 556 1338 sed
583 1289 616 1338 et
641 1279 725 1339 Nero
754 1282 914 1340 nobilitate
943 1283 1093 1341 natalium

141 1379 306 1440 Vitellium
328 1377 478 1438 anteibat.
521 1376 604 1436 Satis
629 1376 730 1435 clarus
752 1389 800 1437 est
824 1379 906 1456 apud
930 1379 1092 1438 timentem

142 1477 279 1557 quisquis
293 1477 432 1537 timetur.
473 1472 517 1533 Et
531 1493 621 1554 posse
636 1474 675 1534 ab
690 1476 828 1535 exercitu
842 1475 1012 1555 principem
1027 1476 1093 1535 fieri
1114 1491 1146 1536 aa

141 1573 285 1652 sibiipsa
306 1570 456 1632 Vitellius
478 1570 677 1646 documento,
698 1572 791 1632 nullis
815 1572 988 1652 stipendiis,
1008 1575 1093 1633 nulla

140 1669 269 1730 militari
295 1669 389 1742 fama,
412 1668 530 1754 Galbae
552 1668 625 1730 odio
646 1682 822 1750 provectus.
863 1670 913 1731 Ne
935 1671 1093 1731 Othonem

141 1767 268 1846 quidem
288 1765 378 1825 ducis
398 1775 465 1827 arte
486 1776 541 1826 aut
566 1768 720 1828 exereitus
740 1767 782 1840 vi,
804 1767 859 1827 sed
887 1786 1093 1848 praepropera

140 1864 236 1941 ipsius
250 1861 467 1942 desperatione
482 1863 610 1937 victum,
620 1865 686 1944 jam
701 1864 938 1924 desiderabilem
959 1879 991 1924 et
1012 1886 1094 1945 mag-

141 1979 216 2018 uum
244 1960 416 2038 principem
443 1960 526 2034 fecit,
549 1980 618 2021 cum
646 1961 771 2022 interim
799 1963 917 2040 spargit
946 1962 1093 2041 legiones
1115 1977 1145 2022 30

142 2064 281 2116 exarmat
296 2056 447 2130 cohortes,
458 2077 541 2117 nova
555 2058 694 2137 quotidie
705 2058 787 2117 bello
799 2059 915 2117 semina
926 2059 1092 2120 ministrat.

144 2149 178 2207 Si
202 2150 277 2229 quid
302 2151 421 2223 ardoris
444 2172 481 2211 ae
504 2153 636 2212 ferociae
664 2153 752 2212 miles
776 2153 893 2226 habuit,
917 2154 1038 2233 popinis
1060 2165 1093 2214 et

55 2251 58 2257 '
143 2245 442 2307 commissationibus
454 2258 486 2307 et
498 2248 648 2328 principis
662 2247 835 2308 imitatione
850 2249 1021 2308 deteritur:
1034 2249 1092 2308 tibi

142 2362 159 2402 e
173 2342 194 2403 J
197 2343 294 2403 udaea
308 2354 340 2405 et
353 2343 444 2423 Syria
458 2354 490 2404 et
501 2347 651 2424 Aegypto
665 2364 779 2404 novem
793 2344 929 2423 legiones
944 2344 1092 2424 integrae,

142 2443 226 2501 nulla
243 2442 308 2502 acie
330 2445 508 2517 exhaustae,
524 2464 585 2503 non
609 2441 764 2501 discordia
784 2451 956 2520 corruptae,
971 2443 1024 2500 sed
1046 2442 1095 2500 fir·
1114 2457 1146 2502 35

141 2549 243 2599 matus
265 2559 322 2599 usu
347 2539 435 2600 miles
456 2533 491 2600 >et
513 2539 587 2599 belli
613 2538 748 2598 domitor
775 2538 913 2613 externi3
941 2537 1092 2612 classium,

141 2638 268 2707 alarum,
279 2637 455 2696 cohortium
467 2637 587 2710 robora,
600 2647 633 2697 et
647 2634 789 2696 fidissimi
803 2653 902 2714 reges,
913 2644 945 2694 et
955 2643 1010 2694 tua
1021 2644 1093 2695 autc

141 2733 246 2792 omnia
260 2732 472 2812 experientia!

182 2830 230 2889 77.
258 2829 308 2887 ‘N
310 2830 376 2889 obis
388 2830 464 2890 nihil
480 2831 562 2891 ultra
575 2831 736 2910 arrogaho,
748 2849 840 2910 quam
851 2847 890 2888 ne
900 2838 972 2907 post
981 2827 1095 2888 Valen-

140 2933 206 2985 tem
234 2936 267 2985 et
289 2926 455 2986 Caecinam
478 2947 693 2988 numeremur:
722 2937 888 2989 notamen
912 2925 1094 2987 Mucianum

141 3021 259 3081 socium
286 3014 449 3102 spreveris,
472 3023 545 3103 quia
573 3024 728 3083 aemulum
758 3044 819 3084 nou
850 3021 1016 3103 experiris3
1042 3041 1093 3080 mc

141 3118 273 3177 Vitellio
294 3128 460 3197 antepono,
481 3128 514 3179 te
534 3119 621 3180 mihi.
664 3119 751 3180 Tuae
773 3120 880 3181 domni
905 3117 1093 3197 triumphale

141 3234 265 3287 nomen,
281 3214 344 3274 duo
357 3217 498 3295 juvenes,
512 3235 610 3294 capax
619 3216 687 3295 jam
701 3216 822 3296 imperii
837 3216 924 3291 alter,
939 3226 972 3276 et
987 3213 1095 3295 primis
1130 3227 1146 3272 5

141 3309 272 3369 militiae
283 3310 372 3371 annis
383 3310 466 3389 apud
476 3310 674 3372 Germanicos
683 3331 806 3391 quoque
818 3312 973 3372 exercitus
983 3312 1093 3371 clarus.

35 3429 38 3434 ·
141 3406 325 3469 Absurdum
346 3407 441 3469 fuerit
460 3427 523 3468 uon
544 3408 654 3470 cedere
674 3407 805 3489 imperio
827 3407 865 3483 ei,
887 3409 974 3490 cujus
994 3407 1093 3470 filium
