2580 3944
141 128 185 195 42
442 145 639 196 exesam
658 144 875 197 assumus.

234 305 284 365 20.
324 302 451 364 Interea
479 304 641 383 manipuli,
671 314 745 364 ante
774 314 920 384 coeptam
949 308 1159 375 seditionem

189 402 389 481 Nauportum
412 401 498 460 missi
522 400 563 460 ob
586 401 702 460 itinera
723 411 756 460 et
769 414 883 480 pontes
903 413 937 463 et
957 404 1043 467 alios
1064 429 1158 484 usus,

189 514 354 579 postquam
368 498 527 557 turbatum
541 497 574 556 in
589 498 697 558 castris
711 517 870 577 accepere,
882 499 999 559 vexilla
1021 508 1158 567 oonvel.

190 598 259 656 lunt
273 595 465 673 direptisque
479 593 629 673 proximis
638 594 717 653 vicis
728 594 857 674 ipsoque
868 595 1050 674 Nauporto,
1061 604 1155 680 quod

136 711 153 754 1
188 692 350 770 municipii
373 691 471 749 instar
494 702 572 763 erat,
585 691 752 750 retinentis
772 692 969 751 centuriones
991 692 1094 757 irrisu
1116 709 1155 759 et

190 788 395 859 contumeliis,
419 798 577 865 postremo
599 787 778 846 verberibus
804 787 1008 861 insectantur,
1026 795 1155 869 praeci.

190 905 253 965 pua
272 886 305 944 in
319 884 522 942 Aufidienum
537 882 656 941 Rufum
677 882 870 961 praefectum
891 896 1070 946 <astrorum
1091 890 1152 965 1111

191 1002 283 1061 quem
308 981 472 1058 dereptum
496 979 638 1038 vehiculo
666 979 795 1039 sarcinis
819 990 953 1058 gravant
980 995 1152 1065 aguntque

191 1079 291 1157 primo
306 1078 339 1136 in
353 1076 488 1154 agmine,
501 1096 558 1154 per
571 1075 739 1135 ludibrium
753 1076 927 1155 rogitantes
944 1095 985 1136 an
1001 1088 1074 1140 tam
1093 1084 1152 1143 im-

138 1191 170 1235 10
190 1193 409 1245 mensaoneru,
420 1184 485 1231 tam
499 1173 593 1250 longa
607 1172 721 1231 itinera
734 1172 868 1232 libenter
880 1172 988 1233 ferret.
1016 1173 1152 1260 Quippe

192 1272 295 1331 Rufus
309 1271 363 1329 diu
377 1269 587 1348 manipularis,
599 1268 672 1327 dein
686 1268 838 1340 centurio,
848 1288 921 1328 mox
935 1270 1153 1354 01111111)ηο-

191 1369 294 1428 fectus
314 1368 473 1446 antiquum
494 1366 665 1445 durumque
685 1365 830 1424 militiam
850 1367 1030 1441 revocabat,
1043 1369 1153 1435 inten-

192 1478 243 1525 tus
256 1465 358 1544 operis
372 1483 407 1522 ae
421 1463 536 1522 laboris
550 1475 582 1521 et
596 1482 634 1521 eo
648 1462 810 1534 immitior,
823 1462 896 1541 quia
909 1464 1116 1530 toleraverat.

232 1564 281 1621 21.
323 1560 445 1618 Horum
466 1559 606 1618 aduentu
625 1558 858 1637 redintegratur
877 1559 1002 1634 seditio,
1015 1574 1052 1623 et
1070 1568 1152 1647 vagi

193 1664 395 1742 circumjecta
423 1664 661 1742 populabantur.
709 1660 839 1721 Blaesus
862 1683 987 1742 paucos,
1006 1663 1153 1726 maxime

192 1760 309 1839 praeda
319 1771 457 1834 onustos,
467 1763 507 1821 ad
519 1774 669 1823 terrorem
679 1774 854 1823 ceterorum
864 1762 943 1822 affici
953 1762 1152 1841 verberibus,

193 1859 296 1918 claudi
310 1881 433 1921 carcere
452 1862 560 1942 jubet3
580 1882 654 1921 nam
668 1862 763 1922 etiam
776 1872 845 1922 tum
858 1861 964 1941 legato
977 1878 997 1920 a
1009 1864 1154 1924 centuri·

139 1971 155 2016 11
193 1958 304 2018 onibus
318 1968 350 2018 et
364 1960 483 2037 optimo
497 1980 620 2038 quoque
634 1959 873 2038 manipularium
886 1958 1067 2038 parebatur.
1096 1960 1154 2022 Illi

192 2058 292 2116 obniti
300 2059 504 2130 trahentibus,
511 2077 657 2136 prensare
667 2057 934 2117 circumstantium
942 2060 1154 2136 genmmere

192 2155 289 2214 modo
302 2156 430 2215 nomina
444 2155 645 2234 singulorum,
657 2157 752 2214 modo
766 2155 938 2215 centuriam
948 2155 1084 2235 quisque
1098 2178 1154 2219 cu-

188 2252 241 2331 jus
254 2252 454 2331 manipularis
468 2263 545 2325 erat,
555 2252 727 2324 cohortem,
738 2252 904 2331 legionem,
917 2252 1028 2312 eadem
1047 2255 1155 2315 omni-

192 2348 251 2408 bus
269 2349 431 2408 imminere
452 2349 658 2409 clamitantes.
701 2349 800 2408 Simul
820 2349 935 2426 probra
954 2348 987 2407 in
1003 2348 1153 2428 legutmu

140 2458 172 2505 10
192 2446 361 2519 cumulant,
373 2447 492 2505 caelum
505 2465 540 2505 10
551 2445 628 2505 deos
638 2447 844 2518 obtestantur,
855 2445 933 2505 nihil
944 2445 1058 2525 reliqui
1069 2447 1154 2509 faci-

193 2552 251 2602 nnt
265 2564 327 2622 quo
341 2544 444 2603 minus
458 2544 619 2616 invidiam,
633 2543 886 2615 misericordiam,
899 2552 1021 2601 metum
1033 2552 1067 2602 et
1085 2544 1154 2607 iras

194 2653 423 2718 permoverent.
463 2643 649 2702 Accurritur
667 2642 707 2700 ab
725 2641 888 2713 universis,
901 2650 935 2700 et
954 2658 1081 2701 11110010
1103 2644 1155 2705 ef·

193 2737 294 2797 fracto
308 2739 435 2798 solvunt
448 2739 583 2810 vincula,
598 2738 832 2817 desertoresque
851 2757 888 2797 ac
905 2756 1008 2796 rernm
1028 2740 1155 2818 capita·

194 2832 270 2892 lium
285 2834 449 2895 damnatos
463 2835 521 2894 sibi
535 2837 601 2915 jam
616 2836 757 2895 miscent.

234 2931 284 2989 22.
324 2930 525 3008 flagrantior
551 2930 625 2990 inde
648 2931 707 3003 vis,
732 2931 836 3009 plures
863 2929 1012 2990 seditioni
1039 2931 1155 2997 duces.

195 3023 239 3083 Et
260 3025 436 3086 Vibulenus
456 3027 583 3105 quidam
603 3027 765 3106 gregarius
788 3028 888 3100 miles,
909 3036 983 3086 anto
1006 3026 1155 3093 tribunal

195 3119 299 3180 Blaesi
320 3122 472 3182 allevatus
492 3124 761 3183 circumstantium
778 3123 926 3196 humeris,
940 3122 1025 3202 apud
1043 3126 1157 3188 turba·

194 3226 246 3276 tos
259 3227 291 3276 et
306 3217 381 3296 quid
395 3229 518 3296 pararet
538 3219 676 3278 intentos
697 3227 769 3278 ‘vos
790 3218 936 3298 quidem,'
949 3218 1063 3298 inquit,
1084 3222 1157 3285 ‘his

142 3325 158 3371 0
196 3311 414 3373 innocentibus
428 3326 460 3374 et
473 3315 655 3375 miserrimis
668 3316 769 3375 lucem
783 3326 815 3375 et
829 3316 973 3394 spiritum
994 3317 1158 3383 reddidis-

195 3409 254 3469 tis:
268 3412 324 3470 sed
337 3411 406 3490 quis
424 3411 516 3472 fratri
533 3431 606 3472 meo
619 3412 728 3486 vitam,
742 3412 812 3492 quis
831 3413 962 3473 fratrem
981 3412 1062 3474 mibi
1084 3418 1158 3481 rod.
