2580 3944
354 153 613 206 nrsrcarsaun
634 154 747 204 mua
767 154 934 207 ruamus.
1080 145 1145 210 133

143 313 280 375 Ocriculi
293 333 350 396 per
363 313 462 374 otium
476 306 623 393 agitabat.
652 311 753 374 Causa
765 320 832 374 tam
844 333 960 393 pravae
974 335 1089 393 morae,

143 421 179 471 ut
188 411 368 472 Mucianum
379 410 604 492 opperirentur.
633 407 702 469 Nec
710 408 840 470 defuere
851 410 905 491 qui
915 412 1091 474 Antonium

143 509 366 587 suspicionibus
400 518 574 588 arguerent,
602 517 750 586 tanquam
784 508 858 568 dolo
892 521 1093 572 cunctantem
1130 528 1144 573 t

142 618 213 683 post
234 615 368 665 secretas
388 603 512 665 Vitellii
533 603 690 682 epistolas,
712 604 823 683 quibus
844 607 1039 666 consulatum
1060 618 1093 668 et

142 702 278 760 nubilem
306 701 400 760 filiam
429 711 461 761 et
488 700 608 759 dotales
636 719 710 778 opes
738 701 873 779 pretium
907 702 1092 782 proditionis

142 796 302 857 offerebat.
343 796 409 855 Alii
423 797 496 856 ficta
510 796 586 854 haec
600 806 632 856 et
652 795 684 853 in
705 795 839 874 gratiam
853 797 990 858 Muciani
1011 818 1091 859 com-

142 892 262 970 posita3
289 892 415 972 quidam
437 890 576 952 omnium
600 891 633 950 id
659 892 775 952 ducum
799 894 963 954 consilium
985 895 1091 967 fuisse,

142 999 297 1047 ostentare
325 988 429 1068 potius
456 987 526 1047 urbi
552 986 670 1047 bellum
698 1009 790 1068 quarn
818 989 944 1064 inferre,
969 991 1093 1071 quaudo
1116 1005 1145 1049 lo

141 1084 350 1144 validissimae
364 1085 506 1144 cohortes
520 1083 681 1144 aVitellio
696 1086 907 1160 descivissent,
919 1096 951 1146 et
966 1087 1092 1147 abscisis

142 1178 283 1237 omnibus
310 1177 470 1257 praesidiis
498 1196 638 1238 cessurus
666 1179 796 1259 imperio
824 1180 1008 1241 videbatur:
1034 1180 1090 1240 sed

142 1283 254 1333 cuucta
268 1272 477 1345 festinatione,
486 1272 601 1333 deinde
616 1274 741 1354 ignavia
753 1275 860 1336 Sabini
874 1285 1026 1354 corrupta,
1037 1275 1091 1355 qui

142 1369 273 1447 sumptis
287 1378 404 1428 temere
418 1368 513 1429 armis
527 1369 765 1431 munitissimam
781 1371 926 1449 Capitolii
941 1390 1043 1431 arcem
1058 1382 1091 1431 et

142 1485 181 1524 uo
194 1464 316 1544 magnis
330 1465 457 1545 quidem
477 1466 665 1526 exercitibus
685 1467 923 1546 expugnabilem
943 1467 1091 1528 adversus
1113 1481 1143 1527 1⁵

142 1571 205 1621 tres
230 1563 372 1623 cohortes
394 1561 476 1622 tueri
501 1562 707 1642 nequivisset:
731 1562 815 1623 haud
836 1562 925 1622 facile
949 1563 1016 1643 quis
1038 1562 1092 1623 uni

142 1658 346 1738 assignaverit
380 1659 514 1740 culpam,
542 1678 621 1738 quae
655 1659 793 1719 omnium
826 1659 898 1719 fuit.
943 1659 1026 1719 Num
1060 1670 1092 1720 et

141 1754 304 1818 Mucianus
331 1756 486 1836 ambiguis
513 1755 655 1835 epistolis
681 1755 815 1815 victores
842 1756 1030 1829 morabatur,
1058 1767 1092 1815 et

141 1854 298 1914 Antonius
320 1863 518 1934 praepostero
539 1851 694 1931 obsequio,
715 1853 766 1912 vel
786 1852 861 1911 dum
881 1852 996 1930 regerit
1016 1853 1093 1912 invi-

141 1951 236 2025 diam,
256 1951 372 2011 crimen
394 1949 524 2024 meruit;
546 1949 700 2028 ceterique
721 1948 815 2007 duces
836 1947 911 2007 dum
932 1959 1090 2027 peractum
1113 1963 1146 2010 2⁰

142 2047 257 2106 bellum
272 2057 393 2126 putant,
407 2047 501 2106 finem
515 2046 581 2125 ejus
601 2043 801 2123 insignivere:
822 2063 861 2102 ne
875 2042 1007 2104 Petilius
1029 2045 1093 2124 qui·

142 2142 214 2202 dem
230 2143 367 2215 Cerialis,
382 2163 453 2203 cum
466 2142 551 2201 mille
566 2140 721 2219 equitibus
735 2138 927 2217 praemissus,
941 2151 976 2200 ut
996 2150 1094 2200 traus-

142 2238 239 2298 versis
253 2237 417 2297 itineribus
431 2257 486 2317 por
500 2256 609 2316 agrum
624 2235 773 2297 Sabinum
789 2234 906 2295 Salaria
918 2236 970 2295 via
984 2236 1090 2296 urbem

143 2334 296 2407 introiret,
324 2333 399 2394 satis
425 2342 647 2406 maturaverat,
674 2332 774 2392 donec
801 2330 916 2392 obsessi
945 2331 1091 2412 capitolii

142 2429 226 2489 fauna
246 2444 375 2489 cunctos
395 2428 487 2489 simul
507 2429 634 2490 exciret.
1113 2444 1144 2490 to

184 2527 232 2586 79.
265 2525 424 2586 Antonius
444 2545 501 2605 per
516 2524 702 2586 Flaminiam
717 2525 757 2586 ad
773 2524 857 2586 Saxa
876 2525 970 2585 rubra
989 2525 1089 2586 multo

138 2621 205 2701 jam
229 2622 330 2682 noctis
358 2642 462 2682 serum
485 2622 633 2684 auxilium
658 2622 754 2683 venit
795 2621 865 2683 Illic
891 2621 1092 2682 interfectum

145 2722 304 2795 Sabinum,
332 2721 537 2800 conflagrasse
571 2723 770 2803 Capitolium,
805 2730 938 2784 tremere
973 2721 1090 2795 urbem,

143 2828 261 2877 maesta
274 2817 378 2876 omnia
393 2817 530 2896 accepit3
550 2818 672 2896 plebem
692 2839 815 2899 quoque
836 2828 870 2880 et
890 2817 1017 2879 servitia
1036 2837 1093 2896 pro

143 2913 276 2974 Vitellio
291 2912 403 2972 armari
416 2913 635 2974 nuntiabatur:
650 2925 683 2975 et
696 2915 812 2976 Petilio
824 2915 937 2976 Oeriali
951 2917 1092 2994 equestre
1130 2928 1145 2972 t

143 3009 292 3089 proelium
313 3008 478 3068 adversum
499 3009 619 3084 fuerat3
643 3031 776 3092 numque
796 3013 956 3072 incautum
977 3020 1010 3072 et
1028 3020 1095 3071 tau·

144 3105 297 3186 quemad
319 3103 420 3164 victos
439 3117 580 3165 ruentem
602 3106 775 3181 Vitelliani,
788 3108 973 3190 interjectus
995 3105 1092 3187 equiti

144 3202 248 3282 pedes,
269 3219 426 3279 excepere.
467 3201 648 3280 Pugnatum
667 3204 751 3264 haud
773 3206 880 3284 procul
908 3205 984 3265 urbe
1011 3205 1094 3264 inter

144 3298 283 3357 aedilicia
307 3297 475 3377 hortosque
502 3309 535 3359 et
562 3300 720 3360 anfractus
742 3300 872 3375 viarum,
893 3321 973 3382 quae
996 3319 1094 3380 gnara

144 3393 332 3468 Vitellianis,
340 3391 534 3474 incomperta
544 3394 684 3456 hostibus
694 3409 814 3456 metum
824 3395 981 3457 fecerant:
995 3414 1095 3476 neque
1117 3410 1147 3454 ro
