2580 3944
163 157 227 223 102
487 167 684 218 monuere
704 166 921 218 recurram.

215 349 300 392 suam
325 328 526 403 numerabat3
553 337 673 388 ceterae
694 325 812 406 Illyrici
839 327 979 406 legiones
1002 337 1166 390 secuturae

215 427 432 506 sperabantur3
446 445 577 504 namque
588 424 688 484 omnis
698 424 851 483 exercitus
859 424 1073 485 flammaverat
1082 445 1166 486 arro·

162 539 193 584 10
213 523 320 602 gantis
334 522 526 582 venientium
541 542 560 580 a
574 521 706 580 Vitellio
726 520 870 592 militum,
884 521 968 598 quod
982 531 1085 580 truces
1100 541 1164 581 cor-

208 639 299 700 pore,
308 619 425 679 horridi
433 637 573 677 sermone
583 628 702 676 ceteros
713 629 748 675 ut
756 617 889 694 impares
898 616 1077 676 irridebant.
1100 618 1164 676 Sed

215 717 247 775 in
257 727 346 775 tanta
356 716 437 774 mole
447 714 521 773 belli
530 715 710 793 plerumque
722 713 896 786 cunctati03
911 723 943 773 et
953 712 1164 790 Vespasianus

213 813 308 872 modo
329 813 361 871 in
382 831 468 890 spem
489 823 619 883 erectus,
640 808 807 888 aliquando
828 809 959 868 adversa
979 810 1163 887 reputabat:

214 911 282 988 quis
296 909 347 967 ille
362 909 428 967 dies
441 908 530 979 foret,
546 927 606 986 quo
622 906 784 985 sexaginta
802 906 913 965 aetatis
928 926 1023 965 anuos
1038 915 1070 964 et
1083 906 1164 965 duos

162 1019 193 1064 la
212 1005 293 1063 filios
306 1007 438 1084 juvenes
452 1004 534 1063 bello
548 1002 764 1082 permitteret?
805 1001 881 1061 Esse
898 1001 1028 1080 privatis
1048 1001 1165 1080 cogita·

213 1100 350 1160 tionibus
371 1118 578 1178 progressum,
599 1117 666 1158 esse
687 1117 867 1177 regressum,
882 1107 923 1171 ct,
941 1107 1033 1177 prout
1053 1098 1163 1171 velint,

213 1198 283 1275 plus
298 1196 437 1256 minusve
457 1195 537 1255 sumi
559 1214 597 1254 ex
617 1195 762 1254 fortuna:
782 1194 947 1273 imperium
967 1193 1163 1275 cupientibus

212 1293 290 1352 nihil
304 1293 440 1353 medium
455 1291 537 1351 iuter
549 1310 670 1350 summa
684 1304 738 1350 aut
751 1290 943 1369 praecipitia.

255 1391 303 1451 75.
337 1389 531 1449 Versabatur
558 1398 630 1448 ante
663 1389 770 1447 oculos
797 1387 975 1448 Germanici
1007 1387 1163 1448 exercitus

212 1487 317 1560 robur,
337 1497 447 1545 notum
467 1486 535 1544 viro
555 1482 704 1544 militari:
725 1503 795 1544 suas
816 1484 954 1562 legiones
975 1485 1059 1544 civili
1079 1485 1163 1544 bello

213 1582 399 1662 inexpertas,
414 1581 536 1641 Vitellii
550 1581 703 1653 victrices,
719 1591 751 1640 et
765 1581 849 1660 apud
863 1580 964 1641 victos
976 1581 1047 1660 plus
1061 1582 1164 1660 queri-

212 1678 386 1738 moniarum
398 1697 490 1756 quam
501 1677 633 1736 virium:
647 1677 763 1736 fluxam
776 1697 833 1756 per
842 1677 1013 1738 discordias
1025 1679 1164 1738 militum

159 1791 175 1836 c
211 1776 305 1836 fidem
319 1788 352 1835 et
365 1775 536 1855 periculum
553 1795 592 1834 ex
613 1774 759 1853 siugulis3
780 1775 856 1854 quid
876 1774 960 1835 euim
980 1774 1161 1854 profuturas

212 1875 356 1933 cohortes
384 1873 517 1950 alasque,
538 1873 564 1932 si
588 1891 667 1931 unus
695 1873 814 1931 alterve
841 1870 996 1951 praesenti
1022 1871 1162 1933 facinore

212 1982 402 2049 paratumex
412 1969 535 2028 diverso
545 1968 716 2048 praemium
723 1969 834 2049 petat?
862 1969 914 2029 sio
924 1969 1162 2030 Scribonianum

213 2068 271 2127 sub
286 2067 417 2127 Claudio
436 2066 654 2138 interfectum3
674 2067 718 2128 sio
731 2086 942 2147 percussorem
955 2069 1021 2149 ejus
1034 2069 1163 2149 Volagi-

213 2166 299 2225 nium
314 2187 331 2226 e
345 2166 488 2246 gregario
503 2168 542 2227 ad
553 2187 673 2227 summa
684 2166 813 2227 militiae
825 2160 1026 2246 provectum:
1040 2167 1162 2228 facilius

161 2277 191 2322 10
212 2264 371 2323 universos
385 2265 502 2344 impelli
518 2285 610 2343 quam
625 2264 762 2343 singulos
776 2264 879 2325 vitari.

254 2361 300 2421 76.
329 2363 387 2420 His
401 2362 568 2441 pavoribus
581 2371 745 2421 nutantem
765 2370 799 2421 et
820 2361 872 2420 alii
893 2358 988 2440 legati
1009 2360 1161 2439 amicique

212 2457 386 2531 fimrabant,
408 2468 440 2518 et
461 2458 632 2528 Mucianus,
650 2467 721 2536 post
748 2456 863 2516 multos
884 2469 1080 2536 secretosque
1100 2477 1161 2517 ser·

212 2574 329 2628 mones,
343 2556 408 2634 jam
418 2564 450 2614 et
459 2575 561 2614 coram
573 2555 617 2613 ita
628 2555 767 2613 locutus:
782 2561 907 2613 ‘omnes
917 2553 969 2633 qui
978 2573 1160 2633 magnarum

212 2671 317 2711 rerum
338 2653 465 2711 consilia
492 2650 671 2730 suscipiunt,
692 2650 855 2709 aestimare
876 2650 994 2710 debent
1012 2662 1053 2709 an
1074 2649 1161 2729 quod

212 2747 386 2808 inchoaturi
401 2748 587 2826 reipublicae
600 2747 686 2819 utile,
697 2746 771 2824 ipsis
782 2746 960 2825 gloriosum,
972 2757 1026 2805 aut
1040 2766 1161 2825 promp

212 2853 280 2902 tum
294 2843 409 2903 effectu
424 2855 477 2903 aut
492 2854 576 2903 certe
593 2863 655 2903 non
674 2844 805 2902 arduum
826 2843 886 2917 sit;
907 2841 998 2902 simul
1020 2842 1086 2921 ipss
1107 2842 1161 2921 qui

213 2940 324 2999 suadet
338 2941 579 3000 considerandus
593 2949 650 3012 est,
663 2939 830 3019 adjiciatne
845 2938 974 2998 consilio
989 2939 1161 3018 periculum

213 3055 312 3108 suum,
324 3045 365 3107 et,
376 3035 402 3094 si
416 3036 543 3095 fortuna
556 3036 673 3114 coeptis
688 3035 820 3108 affuerit,
832 3038 882 3093 cui
896 3054 1051 3095 summum
1066 3034 1161 3095 decus

214 3131 399 3210 acquiratur.
426 3131 495 3210 Ego
509 3142 551 3204 te,
560 3131 762 3212 Vespasium,
774 3130 813 3190 ad
828 3130 992 3210 imperium
1002 3150 1081 3191 voco
1095 3139 1162 3191 tam

161 3242 190 3287 10
211 3228 345 3288 salutaro
360 3228 545 3306 reipublicae
560 3248 653 3307 quam
667 3227 725 3288 tibi
741 3226 956 3306 magnificum:
975 3229 1067 3307 juxta
1085 3227 1162 3287 deos

213 3325 246 3384 in
260 3335 316 3385 tua
328 3344 422 3384 manu
436 3325 571 3403 positum
592 3334 649 3384 est.
690 3323 759 3383 Nec
779 3323 914 3402 speciem
935 3322 1090 3383 adulantis
1110 3344 1163 3382 ex-

214 3421 354 3504 paveris:
368 3439 387 3480 a
400 3420 589 3481 contumelia
597 3438 691 3500 quam
705 3438 724 3479 a
737 3418 828 3479 laude
842 3418 969 3500 propius
981 3418 1078 3481 fuerit
1091 3430 1163 3500 post
