2580 3944
140 123 181 186 36
447 139 644 186 nxcnnm
663 138 879 187 nomm

192 299 250 357 bns
264 297 323 355 nisi
339 297 452 356 Caesar
466 297 530 354 dux
551 297 700 374 reliquus,
714 297 818 375 posito
838 296 1000 356 triumviri
1021 302 1158 360 nomine

138 414 154 457 5
191 396 349 454 consulem
368 415 400 452 se
422 396 525 452 ferens
545 406 577 452 et
599 395 638 452 ad
660 395 810 452 tuendam
830 395 954 474 plebem
975 397 1158 459 tribunicio

188 495 258 572 jure
279 506 473 561 contentum,
492 492 545 549 nbi
567 493 696 549 militem
717 492 818 563 donis,
838 494 990 570 populum
1010 514 1156 569 annona,

192 603 320 649 cunctos
348 589 513 646 dulcedine
541 589 599 646 otii
627 589 766 667 pellexit,
793 589 952 668 insurgere
981 592 1154 668 paulatim,

193 688 299 746 munia
310 700 435 744 senatus
447 686 684 763 magistratuum
699 687 803 763 legum
818 686 849 744 in
864 706 897 745 se
911 687 1050 759 ttahere,
1062 692 1154 749 nullo

193 786 389 853 adversante,
401 804 468 840 cnm
485 783 667 840 ferocissimi
683 803 738 861 per
752 784 833 841 acies
847 796 901 842 aut
915 785 1154 863 proscriptione

142 901 171 943 10
192 882 386 950 cecidissent,
397 880 492 937 ceteri
506 880 665 949 nobilium,
674 893 791 957 quanto
802 880 872 957 quis
882 881 1012 939 seruitio
1023 901 1155 962 promp

193 981 264 1048 tior,
279 978 389 1055 opibus
403 991 433 1034 et
450 977 618 1034 honoribm
635 977 860 1035 extollerentur
874 996 909 1035 ac
923 978 1016 1036 notis
1035 999 1080 1036 ex
1102 1002 1153 1039 re-

193 1077 249 1134 bus
265 1075 347 1132 aucti
363 1086 431 1132 tnta
446 1085 476 1130 et
493 1073 668 1151 praesentia
682 1093 776 1152 quam
793 1085 902 1132 vetera
919 1085 952 1132 et
968 1074 1153 1152 periculosa

194 1173 333 1232 mallent.
375 1171 485 1248 Neque
508 1171 685 1248 provinciae
712 1171 799 1228 illum
823 1191 929 1229 rerum
953 1184 1075 1230 statum
1102 1175 1155 1232 ab

194 1270 341 1339 nnebant,
361 1280 505 1345 suspecto
528 1281 653 1326 senatus
677 1269 845 1346 populique
869 1269 1001 1347 imperio
1021 1271 1065 1328 ob
1087 1292 1155 1330 cer·

143 1386 172 1427 15
193 1369 310 1426 tamina
326 1366 501 1444 potentium
517 1379 547 1423 et
563 1366 726 1424 avaritiam
740 1367 989 1444 magistratuum,
1004 1367 1153 1428 invalido

194 1467 298 1542 legum
319 1464 444 1534 anxilio,
458 1483 536 1540 quae
551 1463 593 1533 vi,
608 1463 738 1535 ambitu,
752 1476 910 1542 postremo
930 1465 1067 1542 pecunia
1088 1478 1156 1526 tur·

196 1562 359 1620 babantur.

245 1660 273 1716 3.
311 1660 456 1716 Ceterum
477 1658 649 1735 Augustae,
666 1658 804 1716 subsidia
820 1658 1040 1732 dominationi,
1058 1661 1157 1722 Clau⁸

194 1756 281 1814 dium
294 1755 475 1813 Marcellum
491 1757 604 1812 sororis
619 1755 716 1812 lilium
731 1756 901 1814 admodum
915 1757 1156 1819 adolescentem

195 1853 379 1931 pontificatu
390 1866 421 1909 et
434 1852 533 1909 curuli
545 1852 715 1922 aedilitate,
728 1852 773 1910 M.
784 1853 960 1930 Agrippam
975 1853 1155 1931 ignobilem

196 1951 274 2019 loco,
287 1949 401 2007 bonum
418 1949 529 2006 militia
543 1961 575 2006 et
591 1949 739 2007 victoriae
754 1950 882 2020 socium,
895 1949 1064 2028 geminatis
1077 1972 1157 2012 oon·

194 2049 344 2107 sulatibns
375 2047 498 2117 extulit,
526 2068 599 2106 mox
629 2048 779 2107 defuncto
811 2048 962 2109 Marcello
992 2071 1154 2128 generum

196 2149 348 2225 sumpsit,
376 2146 535 2204 ‘lilerium
564 2145 723 2204 Neronem
751 2157 783 2205 et
813 2147 979 2206 (laudium
1007 2147 1157 2210 Drmm

196 2247 357 2324 privignos
372 2246 578 2325 imperatoriis
596 2247 774 2305 nominibus
795 2249 892 2319 auxit,
906 2247 1031 2326 integra
1050 2249 1156 2309 etiam

195 2356 263 2402 tum
284 2345 378 2402 domo
399 2364 463 2402 sua.
505 2343 587 2401 Nam
604 2344 728 2422 genitos
743 2345 896 2422 Agrippa,
911 2344 1022 2404 Caium
1038 2363 1075 2403 ac
1091 2345 1157 2405 IA-

195 2442 288 2503 cium.
304 2442 334 2499 in
358 2442 506 2499 familiam
522 2441 688 2499 Caesarum
704 2441 881 2512 induxerat,
895 2441 1030 2500 neodum
1044 2444 1156 2519 posita

144 2552 174 2597 10
195 2539 306 2616 puerili
325 2550 487 2615 praetexta
507 2537 663 2614 principes
683 2537 858 2614 juventutis
879 2536 1038 2614 appellari,
1052 2538 1157 2597 desti·

196 2634 263 2691 nari
278 2635 419 2692 consules
430 2635 531 2710 specie
543 2634 713 2690 recusantis
725 2633 963 2710 flagrantissime
972 2633 1155 2710 cupiverat.

197 2730 243 2791 [t
260 2732 403 2808 Agrippa
424 2733 489 2788 vita
510 2731 671 2799 concessit,
687 2729 817 2788 Lucium
833 2730 998 2789 Caesarem
1018 2742 1156 2790 euntem

197 2829 235 2885 ad
252 2827 467 2906 Hispaniensis
482 2827 645 2897 exercitus
661 2827 770 2885 Caium
789 2838 981 2885 remeantem
996 2827 1157 2887 Armenia

197 2936 227 2981 et
243 2925 372 2982 vnlnere
387 2924 569 2981 invalidum.
584 2943 667 2980 mors
686 2923 753 2981 fato
767 2943 908 3001 propera,
922 2925 973 2981 vel
993 2943 1155 2983 noverene

145 3037 175 3078 15
198 3019 304 3078 Liviae
320 3021 419 3083 dolus,
435 3021 573 3079 abstulit.
589 3020 753 3097 Drusoque
768 3020 888 3097 pridem
905 3020 1045 3077 extincto
1060 3019 1155 3079 Nem

198 3119 280 3175 solus
301 3136 318 3173 e
340 3117 492 3193 privignis
507 3130 584 3185 erat,
600 3118 672 3174 illuc
687 3128 799 3174 cuncta
815 3136 961 3194 vergere:
982 3116 1075 3183 lilius,
1089 3118 1156 3175 col·

200 3215 269 3291 lega
291 3213 423 3290 imperii,
437 3233 564 3271 consors
584 3214 768 3271 tribuniciae
787 3213 952 3291 potestatis
972 3212 1156 3284 assumitur,

198 3311 360 3388 omnisque
375 3329 433 3387 per
444 3310 599 3368 exercitus
613 3321 798 3380 ostentatur,
810 3330 872 3368 non
886 3309 1037 3380 obscuris,
1048 3319 1086 3367 nt
1098 3328 1156 3368 an-

199 3418 260 3480 tea,
282 3407 390 3466 matris
411 3408 540 3480 artibus,
561 3408 616 3466 sed
636 3408 739 3486 palam
760 3408 898 3467 hortatu.
939 3407 1024 3466 Nam
1043 3426 1156 3466 senem
